2016.05.16 23:00:00.195,1.85812,1.85875,1.00,1.00
2016.05.16 23:00:01.178,1.85825,1.8587,1.00,1.00
2016.05.16 23:00:03.217,1.85829,1.85874,1.00,1.00
2016.05.16 23:00:04.032,1.85831,1.85878,1.00,1.00
2016.05.16 23:00:04.784,1.85836,1.85881,1.00,1.50
2016.05.16 23:00:10.993,1.85836,1.8588,1.00,1.00
2016.05.16 23:00:13.949,1.85836,1.85882,1.00,1.50
2016.05.16 23:00:28.561,1.85839,1.85884,1.00,1.00
2016.05.16 23:00:29.067,1.85839,1.85883,1.00,1.00
2016.05.16 23:00:31.188,1.85839,1.85884,1.00,1.00
2016.05.16 23:00:34.160,1.85839,1.85883,1.00,1.00
2016.05.16 23:00:34.275,1.85839,1.85885,1.00,1.00
2016.05.16 23:00:50.245,1.85843,1.85889,1.00,1.00
2016.05.16 23:00:57.646,1.85848,1.85892,1.00,1.00
2016.05.16 23:00:57.747,1.85851,1.85896,1.00,1.00
2016.05.16 23:00:58.876,1.85854,1.859,1.00,1.00
2016.05.16 23:01:00.684,1.85857,1.85904,1.00,1.00
2016.05.16 23:01:00.935,1.8586,1.85907,1.00,1.00
2016.05.16 23:01:01.285,1.85857,1.85904,1.00,1.00
2016.05.16 23:01:07.105,1.85857,1.85902,1.00,1.00
2016.05.16 23:01:11.309,1.85854,1.859,1.00,1.00
2016.05.16 23:01:19.680,1.8585,1.85895,1.00,1.00
2016.05.16 23:01:25.753,1.85847,1.85891,1.00,1.00
2016.05.16 23:01:36.636,1.85843,1.85889,1.00,1.00
2016.05.16 23:01:37.826,1.85839,1.85886,1.00,1.00
2016.05.16 23:01:50.164,1.85843,1.85889,1.00,1.00
2016.05.16 23:01:50.476,1.85847,1.85892,1.00,1.00
2016.05.16 23:01:56.921,1.85839,1.85886,1.00,1.00
2016.05.16 23:01:58.353,1.85835,1.85882,1.00,1.00
2016.05.16 23:02:58.442,1.85831,1.85887,1.00,1.00
2016.05.16 23:03:02.288,1.85831,1.85886,1.00,1.00
2016.05.16 23:03:02.579,1.85834,1.85891,1.00,1.00
2016.05.16 23:03:02.630,1.85843,1.8589,1.00,1.00
2016.05.16 23:03:06.801,1.85847,1.85893,1.00,1.00
2016.05.16 23:03:07.848,1.85851,1.85895,1.00,1.00
2016.05.16 23:03:08.222,1.85848,1.85892,1.00,1.00
2016.05.16 23:03:08.774,1.85843,1.85887,1.00,1.00
2016.05.16 23:03:17.162,1.85838,1.85885,1.00,1.00
2016.05.16 23:03:25.696,1.85833,1.8588,1.00,1.00
2016.05.16 23:03:25.999,1.85831,1.85875,1.00,1.00
2016.05.16 23:03:31.759,1.85834,1.85878,1.00,1.00
2016.05.16 23:03:42.860,1.85838,1.85882,1.00,1.00
2016.05.16 23:03:44.213,1.8584,1.85886,1.00,1.00
2016.05.16 23:03:45.089,1.85843,1.8589,1.00,1.00
2016.05.16 23:03:49.022,1.85846,1.85893,1.00,1.00
2016.05.16 23:03:49.374,1.85848,1.85893,1.00,1.00
2016.05.16 23:03:49.612,1.8585,1.85896,1.00,1.00
2016.05.16 23:04:19.479,1.85853,1.85899,1.00,1.00
2016.05.16 23:04:23.896,1.85851,1.85895,1.00,1.00
2016.05.16 23:04:24.980,1.85847,1.85893,1.00,1.00
2016.05.16 23:04:29.316,1.85848,1.85893,1.00,1.00
2016.05.16 23:04:29.367,1.85853,1.85899,1.00,1.00
2016.05.16 23:04:29.417,1.85857,1.85901,1.00,1.00
2016.05.16 23:04:29.720,1.85861,1.85906,1.00,1.00
2016.05.16 23:04:31.931,1.85857,1.85903,1.00,1.00
2016.05.16 23:04:33.149,1.8586,1.85906,1.00,1.00
2016.05.16 23:04:44.891,1.85863,1.85906,1.00,1.00
2016.05.16 23:04:44.942,1.85864,1.8591,1.00,1.00
2016.05.16 23:04:44.993,1.85868,1.85915,1.00,1.00
2016.05.16 23:04:45.044,1.85871,1.85918,1.00,1.00
2016.05.16 23:04:45.346,1.85873,1.85919,1.00,1.00
2016.05.16 23:04:45.648,1.85867,1.85913,1.00,1.00
2016.05.16 23:04:47.223,1.8587,1.85917,1.00,1.50
2016.05.16 23:04:48.439,1.85875,1.8592,1.00,1.00
2016.05.16 23:04:48.540,1.8588,1.85926,1.00,1.00
2016.05.16 23:04:52.198,1.85885,1.85929,1.00,1.00
2016.05.16 23:05:02.408,1.85887,1.85932,1.00,1.00
2016.05.16 23:05:02.509,1.85884,1.85926,1.00,1.00
2016.05.16 23:05:03.108,1.85884,1.8593,1.00,1.00
2016.05.16 23:05:03.214,1.85884,1.85927,1.00,1.00
2016.05.16 23:05:03.265,1.8588,1.85927,1.00,1.50
2016.05.16 23:05:04.110,1.8588,1.85926,1.00,1.00
2016.05.16 23:05:08.513,1.8588,1.85927,1.00,1.00
2016.05.16 23:05:15.354,1.85878,1.85923,1.00,1.00
2016.05.16 23:05:15.591,1.85874,1.85921,1.50,1.00
2016.05.16 23:05:17.014,1.85878,1.85924,1.00,1.00
2016.05.16 23:05:28.058,1.85878,1.85922,1.00,1.00
2016.05.16 23:05:28.109,1.85874,1.85921,1.00,1.00
2016.05.16 23:05:28.210,1.8587,1.85916,1.00,1.00
2016.05.16 23:05:28.519,1.85863,1.85908,1.00,1.00
2016.05.16 23:05:28.821,1.85858,1.85902,1.00,1.00
2016.05.16 23:05:38.034,1.85853,1.859,1.00,1.00
2016.05.16 23:05:46.487,1.85849,1.85896,1.00,1.00
2016.05.16 23:05:58.506,1.85846,1.85893,1.00,1.00
2016.05.16 23:05:58.822,1.85842,1.85888,1.00,1.00
2016.05.16 23:06:01.634,1.85845,1.85892,1.00,1.00
2016.05.16 23:06:02.084,1.85849,1.85892,1.00,1.00
2016.05.16 23:06:02.185,1.85845,1.85892,1.00,1.00
2016.05.16 23:06:02.236,1.8585,1.85897,1.00,1.00
2016.05.16 23:06:07.190,1.85848,1.85892,1.00,1.00
2016.05.16 23:07:07.402,1.85844,1.859,1.00,1.00
2016.05.16 23:07:07.995,1.85843,1.859,1.00,1.00
2016.05.16 23:07:34.796,1.85843,1.85901,1.00,1.00
2016.05.16 23:07:35.096,1.85843,1.85899,1.00,1.00
2016.05.16 23:07:35.442,1.85843,1.8589,1.50,1.00
2016.05.16 23:07:43.849,1.85847,1.85892,1.00,1.00
2016.05.16 23:07:50.053,1.85849,1.85892,1.00,1.00
2016.05.16 23:07:51.855,1.85847,1.85892,1.00,1.00
2016.05.16 23:08:26.010,1.85842,1.85889,1.00,1.00
2016.05.16 23:08:26.061,1.85839,1.85886,1.50,1.00
2016.05.16 23:08:26.529,1.85835,1.85882,1.00,1.00
2016.05.16 23:08:30.027,1.85833,1.85878,1.00,1.00
2016.05.16 23:08:30.388,1.8583,1.85875,1.00,1.00
2016.05.16 23:08:33.424,1.85833,1.85875,1.00,1.00
2016.05.16 23:08:33.727,1.85833,1.85879,1.00,1.00
2016.05.16 23:08:42.298,1.85832,1.85879,1.00,1.00
2016.05.16 23:08:45.563,1.85837,1.85881,1.00,1.00
2016.05.16 23:08:47.236,1.85838,1.85881,1.50,1.00
2016.05.16 23:08:47.286,1.85842,1.85888,1.00,1.00
2016.05.16 23:08:47.387,1.85849,1.85894,1.00,1.00
2016.05.16 23:08:47.595,1.85851,1.85898,1.00,1.00
2016.05.16 23:08:47.696,1.85853,1.85898,1.00,1.00
2016.05.16 23:08:47.797,1.8586,1.85906,1.00,1.00
2016.05.16 23:08:47.998,1.85864,1.85909,1.00,1.00
2016.05.16 23:08:48.049,1.85867,1.85913,1.00,1.00
2016.05.16 23:08:48.250,1.85872,1.85917,1.00,1.00
2016.05.16 23:08:49.198,1.8588,1.85926,1.00,2.25
2016.05.16 23:08:49.350,1.85884,1.8593,1.00,1.00
2016.05.16 23:08:49.652,1.85887,1.85933,1.00,1.00
2016.05.16 23:08:53.455,1.85887,1.85931,1.00,1.00
2016.05.16 23:08:55.159,1.85887,1.85926,1.00,1.00
2016.05.16 23:08:55.209,1.85883,1.85926,1.00,1.00
2016.05.16 23:08:55.260,1.85883,1.8593,1.00,1.00
2016.05.16 23:08:55.579,1.8588,1.85926,1.00,1.00
2016.05.16 23:09:21.376,1.8588,1.85924,1.00,1.00
2016.05.16 23:09:21.427,1.85872,1.85919,1.00,1.00
2016.05.16 23:09:21.579,1.85872,1.85911,1.00,1.00
2016.05.16 23:09:21.629,1.85867,1.85911,1.00,1.50
2016.05.16 23:09:21.695,1.85859,1.85905,1.00,1.00
2016.05.16 23:09:22.257,1.85862,1.85909,1.00,1.00
2016.05.16 23:09:23.372,1.85865,1.85912,1.00,1.00
2016.05.16 23:09:33.802,1.8587,1.85914,1.00,1.00
2016.05.16 23:09:34.053,1.85873,1.8592,1.00,1.00
2016.05.16 23:09:54.893,1.85869,1.85916,1.00,1.00
2016.05.16 23:10:00.053,1.85869,1.85915,1.50,1.00
2016.05.16 23:10:03.050,1.85869,1.85916,1.50,1.00
2016.05.16 23:10:17.449,1.85873,1.8592,1.00,1.00
2016.05.16 23:10:28.297,1.85874,1.8592,1.00,1.00
2016.05.16 23:10:47.014,1.85873,1.8592,1.00,1.00
2016.05.16 23:10:54.579,1.85877,1.85923,1.00,1.00
2016.05.16 23:11:07.777,1.85881,1.85926,1.00,1.00
2016.05.16 23:11:19.191,1.85884,1.8593,1.00,1.00
2016.05.16 23:11:51.902,1.85884,1.85927,1.00,1.00
2016.05.16 23:11:51.953,1.85877,1.85923,1.00,1.00
2016.05.16 23:12:51.996,1.85872,1.85927,1.00,1.00
2016.05.16 23:12:52.726,1.85873,1.85927,1.00,1.00
2016.05.16 23:12:53.458,1.85872,1.85927,1.00,1.00
2016.05.16 23:13:16.023,1.85874,1.85927,1.00,1.00
2016.05.16 23:13:16.363,1.85881,1.85926,1.00,1.00
2016.05.16 23:13:16.615,1.85877,1.85923,1.00,1.00
2016.05.16 23:13:20.848,1.85881,1.85926,1.00,1.00
2016.05.16 23:13:21.150,1.85889,1.85935,1.00,1.00
2016.05.16 23:13:29.241,1.85889,1.85931,1.00,1.00
2016.05.16 23:13:29.976,1.85889,1.85935,1.00,1.00
2016.05.16 23:13:31.871,1.85892,1.85938,1.00,1.00
2016.05.16 23:13:32.373,1.85893,1.85938,1.00,1.00
2016.05.16 23:13:32.794,1.85897,1.85942,1.00,1.00
2016.05.16 23:13:34.463,1.859,1.85947,1.00,1.50
2016.05.16 23:13:40.970,1.859,1.85942,1.00,1.00
2016.05.16 23:13:44.112,1.859,1.85947,1.00,1.50
2016.05.16 23:13:46.255,1.85897,1.85944,1.00,1.00
2016.05.16 23:13:48.265,1.859,1.85944,1.00,1.00
2016.05.16 23:13:48.316,1.85903,1.8595,1.00,1.15
2016.05.16 23:13:48.487,1.85907,1.85952,1.00,1.11
2016.05.16 23:13:57.773,1.85903,1.85948,1.00,1.00
2016.05.16 23:13:58.184,1.859,1.85945,1.00,1.00
2016.05.16 23:14:05.563,1.85906,1.85951,1.00,1.61
2016.05.16 23:14:06.256,1.85906,1.85951,1.00,1.61
2016.05.16 23:14:13.681,1.85906,1.85951,1.00,1.11
2016.05.16 23:14:15.434,1.85906,1.85947,1.00,1.00
2016.05.16 23:14:15.649,1.85901,1.85946,1.00,1.00
2016.05.16 23:14:18.427,1.85905,1.85952,1.00,1.61
2016.05.16 23:14:21.635,1.8591,1.85952,1.00,1.11
2016.05.16 23:14:28.396,1.85906,1.85952,1.00,1.11
2016.05.16 23:15:22.168,1.85904,1.85948,1.00,1.00
2016.05.16 23:15:37.626,1.85904,1.85946,1.00,1.00
2016.05.16 23:15:37.725,1.85904,1.85948,1.00,1.00
2016.05.16 23:15:49.685,1.85908,1.85953,1.00,1.11
2016.05.16 23:15:49.994,1.85916,1.85957,1.00,1.11
2016.05.16 23:16:00.327,1.85916,1.85962,1.00,1.11
2016.05.16 23:16:00.938,1.85916,1.85962,1.00,1.11
2016.05.16 23:16:02.363,1.85919,1.85961,1.00,1.11
2016.05.16 23:16:19.746,1.85919,1.85962,1.00,1.11
2016.05.16 23:16:24.247,1.85919,1.85966,1.00,1.61
2016.05.16 23:16:38.910,1.85919,1.85962,1.00,1.11
2016.05.16 23:16:39.434,1.85919,1.85962,1.00,1.11
2016.05.16 23:16:43.682,1.85919,1.85962,1.00,1.11
2016.05.16 23:16:52.102,1.85921,1.85962,1.00,1.11
2016.05.16 23:16:58.902,1.85921,1.85962,1.00,1.11
2016.05.16 23:16:59.793,1.85921,1.85962,1.00,1.11
2016.05.16 23:17:01.716,1.85924,1.85966,1.00,1.11
2016.05.16 23:17:02.018,1.85927,1.85967,1.00,1.11
2016.05.16 23:17:02.320,1.85929,1.8597,2.25,1.11
2016.05.16 23:17:02.924,1.85929,1.8597,1.00,1.11
2016.05.16 23:17:03.092,1.85924,1.85967,1.50,1.11
2016.05.16 23:17:03.294,1.85926,1.85967,1.00,1.11
2016.05.16 23:17:03.879,1.85926,1.85967,1.00,1.11
2016.05.16 23:17:04.456,1.85926,1.85967,1.00,1.11
2016.05.16 23:17:05.991,1.85929,1.85967,1.00,1.11
2016.05.16 23:17:06.805,1.85929,1.8597,1.50,1.00
2016.05.16 23:17:07.326,1.85925,1.85968,1.00,1.00
2016.05.16 23:17:32.909,1.85926,1.85968,1.00,1.00
2016.05.16 23:17:34.911,1.85927,1.85968,1.00,1.00
2016.05.16 23:17:35.412,1.85928,1.85968,1.00,1.00
2016.05.16 23:17:37.414,1.85927,1.85968,1.00,1.00
2016.05.16 23:17:49.029,1.85928,1.85968,1.00,1.00
2016.05.16 23:17:49.152,1.85928,1.85971,2.25,1.00
2016.05.16 23:17:50.042,1.85929,1.85971,1.00,1.00
2016.05.16 23:17:53.746,1.85928,1.85971,1.50,1.00
2016.05.16 23:17:54.473,1.85929,1.85971,1.00,1.00
2016.05.16 23:17:54.574,1.85935,1.85971,1.00,1.00
2016.05.16 23:17:54.625,1.85935,1.85974,1.00,1.00
2016.05.16 23:17:54.726,1.85931,1.85974,1.50,1.00
2016.05.16 23:17:54.777,1.85929,1.85971,1.00,1.00
2016.05.16 23:17:55.378,1.8593,1.85971,1.00,1.00
2016.05.16 23:17:55.981,1.85929,1.85971,1.00,1.00
2016.05.16 23:17:59.442,1.85928,1.85971,1.50,1.00
2016.05.16 23:18:01.753,1.85929,1.85971,1.00,1.00
2016.05.16 23:18:03.286,1.85928,1.85971,1.00,1.00
2016.05.16 23:18:15.263,1.85923,1.85966,1.50,1.00
2016.05.16 23:18:15.622,1.85919,1.85962,1.00,1.00
2016.05.16 23:19:00.667,1.8592,1.85962,1.00,1.00
2016.05.16 23:19:01.075,1.85922,1.85962,1.00,1.00
2016.05.16 23:19:01.409,1.85923,1.85966,1.00,1.00
2016.05.16 23:19:01.719,1.85925,1.85966,1.00,1.00
2016.05.16 23:19:02.919,1.85924,1.85966,1.50,1.00
2016.05.16 23:19:03.429,1.85925,1.85966,1.00,1.00
2016.05.16 23:19:06.676,1.85924,1.85966,1.50,1.00
2016.05.16 23:19:13.681,1.85923,1.85966,1.00,1.00
2016.05.16 23:19:21.741,1.8592,1.85963,1.00,1.00
2016.05.16 23:19:31.758,1.8592,1.85962,1.00,1.00
2016.05.16 23:19:32.060,1.85918,1.85959,1.00,1.00
2016.05.16 23:19:32.329,1.85913,1.85956,1.00,1.00
2016.05.16 23:19:32.479,1.8592,1.85956,1.00,1.00
2016.05.16 23:19:32.530,1.8592,1.85963,1.50,1.00
2016.05.16 23:19:32.581,1.85926,1.85963,1.00,1.00
2016.05.16 23:19:32.632,1.85926,1.85968,1.00,1.00
2016.05.16 23:19:35.163,1.85925,1.85968,1.50,1.00
2016.05.16 23:19:37.400,1.85929,1.85968,1.00,1.00
2016.05.16 23:19:37.717,1.85926,1.85968,1.00,1.00
2016.05.16 23:19:42.038,1.85925,1.85968,1.50,1.00
2016.05.16 23:19:42.190,1.85925,1.85963,1.00,1.00
2016.05.16 23:19:42.240,1.85928,1.85968,1.00,1.00
2016.05.16 23:19:42.442,1.85926,1.85968,1.50,1.00
2016.05.16 23:19:47.823,1.8593,1.85968,1.00,1.00
2016.05.16 23:19:48.131,1.85935,1.85971,1.00,1.00
2016.05.16 23:19:49.004,1.85933,1.85971,1.00,1.00
2016.05.16 23:19:52.347,1.85928,1.85971,1.50,1.00
2016.05.16 23:19:52.568,1.85927,1.85967,1.00,1.00
2016.05.16 23:19:52.619,1.85925,1.85967,1.50,1.00
2016.05.16 23:19:53.220,1.85926,1.85967,1.00,1.00
2016.05.16 23:19:55.890,1.85925,1.85967,1.00,1.00
2016.05.16 23:20:04.703,1.85926,1.85967,1.00,1.00
2016.05.16 23:20:06.546,1.85924,1.85967,1.50,1.00
2016.05.16 23:20:06.802,1.85922,1.85963,1.00,1.00
2016.05.16 23:20:26.103,1.8591,1.85951,1.50,1.00
2016.05.16 23:20:27.262,1.85906,1.85948,1.00,1.00
2016.05.16 23:20:27.414,1.85903,1.85944,1.00,1.00
2016.05.16 23:20:27.465,1.85908,1.85951,1.00,1.00
2016.05.16 23:20:27.516,1.8591,1.85951,1.00,1.00
2016.05.16 23:20:27.616,1.85917,1.8596,1.00,1.00
2016.05.16 23:20:28.422,1.85912,1.85955,1.00,1.00
2016.05.16 23:20:39.916,1.85917,1.8596,1.00,1.00
2016.05.16 23:20:40.218,1.85919,1.8596,1.00,1.00
2016.05.16 23:20:40.439,1.85922,1.85965,1.00,1.00
2016.05.16 23:20:50.576,1.85926,1.85965,1.00,1.00
2016.05.16 23:20:51.094,1.85925,1.85965,1.00,1.00
2016.05.16 23:20:51.498,1.85927,1.85965,1.00,1.00
2016.05.16 23:21:01.885,1.85928,1.85965,1.00,1.00
2016.05.16 23:21:01.962,1.85928,1.85967,1.00,1.00
2016.05.16 23:21:08.994,1.85924,1.85967,2.25,1.00
2016.05.16 23:21:20.100,1.85926,1.85967,1.00,1.00
2016.05.16 23:21:31.370,1.85923,1.85964,1.00,1.00
2016.05.16 23:21:31.472,1.85921,1.85964,1.00,1.00
2016.05.16 23:21:31.523,1.85927,1.85964,1.00,1.00
2016.05.16 23:21:31.676,1.85929,1.8597,1.00,1.00
2016.05.16 23:21:32.179,1.8593,1.8597,1.00,1.00
2016.05.16 23:21:32.728,1.85931,1.8597,1.00,1.00
2016.05.16 23:21:36.137,1.85932,1.8597,1.00,1.00
2016.05.16 23:21:36.672,1.85933,1.8597,1.50,1.00
2016.05.16 23:21:37.338,1.85932,1.8597,1.50,1.00
2016.05.16 23:21:40.839,1.85933,1.8597,1.00,1.00
2016.05.16 23:21:41.044,1.85935,1.8597,1.00,1.00
2016.05.16 23:21:41.094,1.85935,1.85972,1.00,1.00
2016.05.16 23:21:42.435,1.85934,1.85972,1.00,1.00
2016.05.16 23:21:42.586,1.85932,1.85972,1.00,1.00
2016.05.16 23:21:43.351,1.85933,1.85972,1.00,1.00
2016.05.16 23:22:10.242,1.85931,1.85972,2.25,1.00
2016.05.16 23:22:10.744,1.85932,1.85972,2.25,1.00
2016.05.16 23:22:19.146,1.85931,1.85972,2.25,1.00
2016.05.16 23:22:19.197,1.85933,1.85972,1.00,1.00
2016.05.16 23:22:19.800,1.85931,1.85972,3.75,1.00
2016.05.16 23:22:41.512,1.85931,1.85982,2.25,1.00
2016.05.16 23:22:55.327,1.85931,1.85987,2.25,1.00
2016.05.16 23:22:58.026,1.85931,1.85982,2.25,1.00
2016.05.16 23:22:59.604,1.8593,1.85982,3.00,1.00
2016.05.16 23:23:00.162,1.85931,1.85982,1.00,1.00
2016.05.16 23:23:01.510,1.85932,1.85982,1.00,1.00
2016.05.16 23:23:07.356,1.85931,1.85982,1.50,1.00
2016.05.16 23:23:14.366,1.85932,1.85982,1.00,1.00
2016.05.16 23:23:14.704,1.8593,1.85982,1.50,1.00
2016.05.16 23:23:14.755,1.8593,1.85987,1.50,1.00
2016.05.16 23:23:14.917,1.8593,1.85982,1.00,1.00
2016.05.16 23:23:15.475,1.85929,1.85982,1.00,1.00
2016.05.16 23:23:16.791,1.85931,1.85978,1.00,1.00
2016.05.16 23:23:17.070,1.85931,1.85982,1.00,1.00
2016.05.16 23:23:17.671,1.8593,1.85982,1.50,1.00
2016.05.16 23:23:25.005,1.85929,1.85982,1.50,1.00
2016.05.16 23:23:30.387,1.85928,1.85979,2.25,1.00
2016.05.16 23:23:30.788,1.8593,1.85969,1.00,1.00
2016.05.16 23:23:34.405,1.85931,1.85969,1.00,1.00
2016.05.16 23:23:36.040,1.85938,1.85979,1.00,1.00
2016.05.16 23:24:36.513,1.85934,1.85982,1.00,1.00
2016.05.16 23:24:40.417,1.85933,1.85982,1.00,1.00
2016.05.16 23:24:55.505,1.85933,1.85987,1.00,1.00
2016.05.16 23:25:00.350,1.85932,1.85987,1.00,1.00
2016.05.16 23:25:00.851,1.85933,1.85987,1.00,1.00
2016.05.16 23:25:01.756,1.85933,1.85982,1.00,1.00
2016.05.16 23:25:08.057,1.85933,1.85987,1.00,1.00
2016.05.16 23:25:08.158,1.85932,1.85982,1.50,1.00
2016.05.16 23:25:08.445,1.85932,1.85987,1.50,1.00
2016.05.16 23:25:10.830,1.85932,1.85982,1.50,1.00
2016.05.16 23:25:11.932,1.85932,1.85987,1.50,1.00
2016.05.16 23:25:13.985,1.85933,1.85987,1.00,1.00
2016.05.16 23:25:14.186,1.85931,1.85987,1.00,1.00
2016.05.16 23:25:14.237,1.85931,1.85982,1.00,1.00
2016.05.16 23:25:14.400,1.85931,1.85987,1.00,1.00
2016.05.16 23:25:17.890,1.85932,1.85987,1.00,1.00
2016.05.16 23:25:25.556,1.85934,1.85988,1.00,1.00
2016.05.16 23:25:26.229,1.85934,1.85989,1.00,1.00
2016.05.16 23:25:29.513,1.85931,1.85987,1.50,1.00
2016.05.16 23:25:31.682,1.85932,1.85987,1.00,1.00
2016.05.16 23:25:31.733,1.85933,1.85989,1.50,1.00
2016.05.16 23:25:32.815,1.85932,1.85986,1.50,1.00
2016.05.16 23:25:39.821,1.85932,1.85987,1.00,1.00
2016.05.16 23:25:47.702,1.85931,1.85987,2.25,1.00
2016.05.16 23:25:48.003,1.85934,1.85987,1.00,1.00
2016.05.16 23:25:58.215,1.85933,1.85987,1.00,1.00
2016.05.16 23:25:59.936,1.85933,1.85986,1.00,1.00
2016.05.16 23:26:03.039,1.85933,1.85987,1.00,1.00
2016.05.16 23:26:07.643,1.85933,1.85986,1.00,1.00
2016.05.16 23:26:13.187,1.85933,1.85987,1.00,1.00
2016.05.16 23:26:18.092,1.85933,1.85982,1.00,1.00
2016.05.16 23:26:21.567,1.85933,1.85981,1.00,1.00
2016.05.16 23:26:21.800,1.85931,1.85987,2.25,1.50
2016.05.16 23:26:22.020,1.85934,1.85977,1.00,1.00
2016.05.16 23:26:31.713,1.85937,1.8598,1.00,1.00
2016.05.16 23:26:35.083,1.8594,1.85982,1.00,1.00
2016.05.16 23:26:35.588,1.85937,1.85978,1.00,1.00
2016.05.16 23:27:08.986,1.85941,1.85982,1.00,1.00
2016.05.16 23:27:09.456,1.85945,1.85986,1.00,1.00
2016.05.16 23:27:09.857,1.8594,1.85981,1.00,1.00
2016.05.16 23:27:11.148,1.85943,1.85984,1.00,1.00
2016.05.16 23:27:34.886,1.85945,1.85988,1.00,1.00
2016.05.16 23:27:37.339,1.85949,1.85992,1.00,1.50
2016.05.16 23:27:41.923,1.85949,1.85991,1.00,1.00
2016.05.16 23:27:42.245,1.85946,1.85988,1.00,1.00
2016.05.16 23:27:42.346,1.85942,1.85985,1.00,1.00
2016.05.16 23:28:02.068,1.85947,1.85988,1.00,1.00
2016.05.16 23:28:18.232,1.8595,1.85991,1.00,1.00
2016.05.16 23:28:30.653,1.85952,1.85991,1.00,1.00
2016.05.16 23:28:30.905,1.85971,1.86012,1.00,1.00
2016.05.16 23:28:31.048,1.85977,1.86018,1.00,1.00
2016.05.16 23:28:54.134,1.85982,1.86018,1.00,1.00
2016.05.16 23:28:54.185,1.85982,1.86024,1.00,1.00
2016.05.16 23:28:54.235,1.85985,1.86026,1.00,1.00
2016.05.16 23:28:54.388,1.8599,1.86033,1.00,1.00
2016.05.16 23:28:54.439,1.8599,1.86036,1.00,1.00
2016.05.16 23:28:54.694,1.85994,1.86041,1.00,1.50
2016.05.16 23:28:54.847,1.85999,1.86042,1.00,1.00
2016.05.16 23:28:54.898,1.85999,1.86044,1.50,1.00
2016.05.16 23:28:55.196,1.86001,1.86047,1.00,1.00
2016.05.16 23:28:56.488,1.86004,1.86047,1.00,1.00
2016.05.16 23:28:57.187,1.86004,1.86051,1.00,1.00
2016.05.16 23:28:57.288,1.86004,1.86046,1.00,1.00
2016.05.16 23:29:01.891,1.86004,1.86051,1.00,1.00
2016.05.16 23:29:01.992,1.86004,1.86047,1.00,1.00
2016.05.16 23:29:07.196,1.86004,1.86046,1.00,1.00
2016.05.16 23:29:11.129,1.86007,1.86051,1.50,1.00
2016.05.16 23:29:11.180,1.86008,1.86054,1.00,1.00
2016.05.16 23:29:11.232,1.86016,1.86054,1.00,1.00
2016.05.16 23:29:11.283,1.86016,1.86058,1.00,1.00
2016.05.16 23:29:11.333,1.86019,1.86058,1.00,1.00
2016.05.16 23:29:11.496,1.86017,1.86058,1.00,1.00
2016.05.16 23:29:11.547,1.86024,1.86068,1.00,1.50
2016.05.16 23:29:11.648,1.86028,1.86072,1.00,1.00
2016.05.16 23:29:11.950,1.86026,1.86061,1.00,1.00
2016.05.16 23:29:12.001,1.86016,1.86061,1.00,1.00
2016.05.16 23:29:12.051,1.86016,1.86056,1.00,1.00
2016.05.16 23:29:12.353,1.86016,1.86052,1.00,1.00
2016.05.16 23:29:12.404,1.86011,1.86052,1.00,1.00
2016.05.16 23:29:12.629,1.86011,1.86055,1.00,1.00
2016.05.16 23:29:13.203,1.86011,1.86052,1.00,1.00
2016.05.16 23:29:15.705,1.86011,1.86055,1.00,1.00
2016.05.16 23:29:19.589,1.86019,1.86062,1.00,1.00
2016.05.16 23:29:20.591,1.86018,1.86062,1.00,1.00
2016.05.16 23:29:21.618,1.86013,1.86058,1.00,1.00
2016.05.16 23:29:23.053,1.86013,1.86057,1.00,1.00
2016.05.16 23:29:23.162,1.86013,1.86052,1.00,1.00
2016.05.16 23:29:23.346,1.86013,1.86057,1.00,1.00
2016.05.16 23:29:23.864,1.86013,1.86058,1.00,1.00
2016.05.16 23:29:33.664,1.86014,1.86058,1.00,1.00
2016.05.16 23:29:34.057,1.86016,1.86058,1.00,1.00
2016.05.16 23:29:41.463,1.86013,1.86058,1.00,1.00
2016.05.16 23:29:53.324,1.86019,1.86058,1.00,1.00
2016.05.16 23:29:53.425,1.86013,1.86058,1.00,1.00
2016.05.16 23:30:02.552,1.86013,1.86057,1.00,1.00
2016.05.16 23:30:03.150,1.86013,1.86058,1.50,1.00
2016.05.16 23:30:03.201,1.86015,1.86062,1.00,1.50
2016.05.16 23:30:04.172,1.86015,1.86061,1.00,1.00
2016.05.16 23:30:10.057,1.86015,1.86062,1.00,1.50
2016.05.16 23:30:13.961,1.86015,1.86061,1.00,1.00
2016.05.16 23:30:21.571,1.86015,1.86062,1.00,1.50
2016.05.16 23:30:22.173,1.86018,1.86062,1.00,1.00
2016.05.16 23:30:25.382,1.86018,1.86061,1.00,1.00
2016.05.16 23:30:25.485,1.86015,1.86061,1.00,1.50
2016.05.16 23:30:29.474,1.86015,1.86057,1.00,1.00
2016.05.16 23:30:29.875,1.86015,1.86061,1.00,1.00
2016.05.16 23:30:31.222,1.86015,1.86057,1.00,1.00
2016.05.16 23:30:32.124,1.86015,1.86061,1.00,1.00
2016.05.16 23:30:34.411,1.86015,1.86057,1.00,1.00
2016.05.16 23:30:34.879,1.86015,1.86061,1.00,1.50
2016.05.16 23:30:42.319,1.86019,1.86061,1.00,1.00
2016.05.16 23:30:42.525,1.86015,1.86061,1.00,1.50
2016.05.16 23:30:42.676,1.86018,1.86061,1.00,1.00
2016.05.16 23:30:46.025,1.86019,1.86064,1.00,1.00
2016.05.16 23:30:47.054,1.86019,1.86059,1.00,1.00
2016.05.16 23:30:47.328,1.86014,1.86059,1.00,1.00
2016.05.16 23:30:48.731,1.86018,1.86059,1.00,1.00
2016.05.16 23:30:56.256,1.86018,1.86062,1.00,1.00
2016.05.16 23:30:59.326,1.8602,1.86067,1.00,1.50
2016.05.16 23:30:59.579,1.86024,1.86067,1.00,1.00
2016.05.16 23:31:00.200,1.86024,1.86071,1.00,1.00
2016.05.16 23:31:01.706,1.86024,1.86067,1.00,1.00
2016.05.16 23:31:07.817,1.86024,1.86066,1.00,1.00
2016.05.16 23:31:08.209,1.86024,1.86071,1.50,1.50
2016.05.16 23:31:08.310,1.86033,1.86071,1.00,1.00
2016.05.16 23:31:08.637,1.86036,1.86072,1.00,1.00
2016.05.16 23:31:08.745,1.8603,1.86072,1.00,1.00
2016.05.16 23:31:10.855,1.8603,1.86077,1.00,1.50
2016.05.16 23:31:11.394,1.8603,1.86076,1.00,1.00
2016.05.16 23:31:12.286,1.86036,1.86076,1.00,1.00
2016.05.16 23:31:12.336,1.86036,1.86082,1.00,1.00
2016.05.16 23:31:12.437,1.8604,1.86082,1.00,1.00
2016.05.16 23:31:14.458,1.8604,1.86087,1.00,1.50
2016.05.16 23:31:14.716,1.8604,1.86082,1.00,1.00
2016.05.16 23:31:15.044,1.8604,1.86087,1.00,1.50
2016.05.16 23:31:15.416,1.8604,1.86082,1.00,1.00
2016.05.16 23:31:16.382,1.86045,1.86082,1.00,1.00
2016.05.16 23:31:16.432,1.86045,1.86086,1.00,1.00
2016.05.16 23:31:16.688,1.86049,1.86086,1.00,1.00
2016.05.16 23:31:16.905,1.86044,1.86087,1.00,1.00
2016.05.16 23:31:17.661,1.86044,1.86082,1.00,1.00
2016.05.16 23:31:17.963,1.86044,1.86072,1.00,1.00
2016.05.16 23:31:18.014,1.86034,1.86072,1.00,1.00
2016.05.16 23:31:18.115,1.86031,1.86077,1.00,2.25
2016.05.16 23:31:18.165,1.86034,1.86077,1.00,1.50
2016.05.16 23:31:18.316,1.86035,1.8608,1.00,1.00
2016.05.16 23:31:18.785,1.86034,1.86077,1.00,1.00
2016.05.16 23:31:19.423,1.86038,1.86077,1.00,1.00
2016.05.16 23:31:19.574,1.86039,1.86085,1.00,1.00
2016.05.16 23:31:19.725,1.86049,1.86085,1.00,1.00
2016.05.16 23:31:19.813,1.86049,1.86088,1.00,1.00
2016.05.16 23:31:20.014,1.8605,1.86096,1.00,1.00
2016.05.16 23:31:20.489,1.86048,1.86091,1.00,1.00
2016.05.16 23:31:20.925,1.86053,1.86091,1.00,1.00
2016.05.16 23:31:22.026,1.86048,1.86091,1.00,1.00
2016.05.16 23:31:23.444,1.86049,1.86091,1.00,1.00
2016.05.16 23:31:23.545,1.86054,1.86099,1.00,1.00
2016.05.16 23:31:23.595,1.86057,1.86102,1.00,1.00
2016.05.16 23:31:26.248,1.86063,1.86102,1.00,1.00
2016.05.16 23:31:26.299,1.86064,1.86106,1.00,1.00
2016.05.16 23:31:26.349,1.86078,1.86115,1.00,1.00
2016.05.16 23:31:26.400,1.86078,1.86122,1.50,1.00
2016.05.16 23:31:26.451,1.86093,1.86128,1.00,1.00
2016.05.16 23:31:26.753,1.86126,1.86177,1.50,1.00
2016.05.16 23:31:26.854,1.86123,1.86177,1.50,1.00
2016.05.16 23:31:26.966,1.86123,1.86172,1.00,1.00
2016.05.16 23:31:27.019,1.86118,1.86172,1.00,1.00
2016.05.16 23:31:27.172,1.86118,1.86157,1.00,1.00
2016.05.16 23:31:27.273,1.86123,1.86177,1.00,1.00
2016.05.16 23:31:27.676,1.86123,1.86169,1.00,1.00
2016.05.16 23:31:28.050,1.86132,1.86176,1.00,1.00
2016.05.16 23:31:28.251,1.86124,1.86169,1.00,1.00
2016.05.16 23:31:30.265,1.86124,1.86167,1.00,1.00
2016.05.16 23:31:30.316,1.86119,1.86165,1.00,1.00
2016.05.16 23:31:30.366,1.86119,1.86156,1.00,1.00
2016.05.16 23:31:30.417,1.86115,1.86156,1.00,1.00
2016.05.16 23:31:30.468,1.86109,1.86156,1.00,1.50
2016.05.16 23:31:30.580,1.86109,1.86147,1.00,1.00
2016.05.16 23:31:30.631,1.86101,1.86147,1.00,1.00
2016.05.16 23:31:30.732,1.86093,1.86139,1.50,1.00
2016.05.16 23:31:31.623,1.86089,1.86135,1.00,1.00
2016.05.16 23:31:32.526,1.86092,1.86138,1.00,1.00
2016.05.16 23:31:32.829,1.86114,1.8616,1.00,1.00
2016.05.16 23:31:32.879,1.8611,1.86162,1.00,1.00
2016.05.16 23:31:32.930,1.86108,1.86162,1.00,1.00
2016.05.16 23:31:32.981,1.86104,1.86156,1.50,1.00
2016.05.16 23:31:33.283,1.86108,1.86157,1.00,1.00
2016.05.16 23:31:33.434,1.86104,1.86156,1.00,1.00
2016.05.16 23:31:34.479,1.86103,1.86157,1.00,1.00
2016.05.16 23:31:35.945,1.86108,1.86158,1.00,1.00
2016.05.16 23:31:37.170,1.86103,1.86157,1.00,1.00
2016.05.16 23:31:37.472,1.86099,1.86151,1.00,1.00
2016.05.16 23:31:39.375,1.86098,1.86152,1.00,1.50
2016.05.16 23:31:39.702,1.86092,1.86141,1.00,1.00
2016.05.16 23:31:39.826,1.86089,1.86141,1.00,1.00
2016.05.16 23:31:40.150,1.86094,1.86146,1.00,1.50
2016.05.16 23:31:40.733,1.86093,1.86146,1.00,1.00
2016.05.16 23:31:41.360,1.86098,1.86146,1.00,1.00
2016.05.16 23:31:41.411,1.86098,1.86148,1.00,1.00
2016.05.16 23:31:42.338,1.86098,1.86147,1.00,1.00
2016.05.16 23:31:42.453,1.86093,1.86147,1.00,1.50
2016.05.16 23:31:42.554,1.86088,1.86142,1.50,1.00
2016.05.16 23:31:44.655,1.86089,1.86141,1.00,1.00
2016.05.16 23:31:45.657,1.86088,1.86142,1.00,1.00
2016.05.16 23:31:46.158,1.86093,1.86144,1.00,1.00
2016.05.16 23:31:48.783,1.86089,1.86141,1.00,1.00
2016.05.16 23:31:55.297,1.86088,1.86142,1.00,2.25
2016.05.16 23:31:56.867,1.86094,1.86142,1.00,1.50
2016.05.16 23:31:57.367,1.86089,1.86141,1.00,1.00
2016.05.16 23:31:58.238,1.86089,1.86138,1.00,1.00
2016.05.16 23:31:58.790,1.86089,1.86137,1.00,1.00
2016.05.16 23:31:59.994,1.86088,1.86137,1.00,1.00
2016.05.16 23:32:00.495,1.86088,1.86136,1.00,1.00
2016.05.16 23:32:00.800,1.86083,1.86135,1.00,1.00
2016.05.16 23:32:00.901,1.86083,1.86131,1.00,1.00
2016.05.16 23:32:01.522,1.86083,1.86132,1.00,1.00
2016.05.16 23:32:01.746,1.86084,1.86135,1.00,1.00
2016.05.16 23:32:02.303,1.86084,1.86136,1.00,1.50
2016.05.16 23:32:02.974,1.86089,1.86136,1.00,1.00
2016.05.16 23:32:04.475,1.86083,1.86136,1.00,1.00
2016.05.16 23:32:04.525,1.86083,1.86131,1.00,1.00
2016.05.16 23:32:04.576,1.86078,1.86127,1.00,1.00
2016.05.16 23:32:04.727,1.86079,1.86131,1.00,1.00
2016.05.16 23:32:04.959,1.86079,1.86129,1.00,1.00
2016.05.16 23:32:05.060,1.86079,1.86131,1.00,1.00
2016.05.16 23:32:05.176,1.86083,1.86132,1.00,1.00
2016.05.16 23:32:05.406,1.86078,1.86132,1.00,1.50
2016.05.16 23:32:05.660,1.86078,1.8613,1.00,1.00
2016.05.16 23:32:05.812,1.86078,1.86132,1.00,1.50
2016.05.16 23:32:06.014,1.86083,1.86137,1.00,1.00
2016.05.16 23:32:06.362,1.86089,1.86141,1.00,1.00
2016.05.16 23:32:06.963,1.86089,1.86137,1.00,1.00
2016.05.16 23:32:07.517,1.86089,1.86138,1.00,1.00
2016.05.16 23:32:08.280,1.86088,1.86138,1.00,1.00
2016.05.16 23:32:08.675,1.86093,1.8614,1.00,1.00
2016.05.16 23:32:08.827,1.86083,1.86135,1.00,1.00
2016.05.16 23:32:08.982,1.86079,1.86131,1.00,1.00
2016.05.16 23:32:09.083,1.86083,1.86136,1.00,1.00
2016.05.16 23:32:09.621,1.86083,1.86137,1.00,1.00
2016.05.16 23:32:12.622,1.86089,1.8614,1.00,1.00
2016.05.16 23:32:13.293,1.86089,1.86141,1.00,1.50
2016.05.16 23:32:13.623,1.86082,1.86132,1.00,1.00
2016.05.16 23:32:13.673,1.86078,1.86132,2.25,1.00
2016.05.16 23:32:14.725,1.86079,1.86131,1.00,1.00
2016.05.16 23:32:14.826,1.86073,1.86122,1.00,1.00
2016.05.16 23:32:15.078,1.8607,1.86122,1.00,1.00
2016.05.16 23:32:15.331,1.86065,1.86116,1.00,1.00
2016.05.16 23:32:15.825,1.86063,1.86117,1.00,1.00
2016.05.16 23:32:17.278,1.86063,1.86113,1.00,1.00
2016.05.16 23:32:17.329,1.86058,1.86112,1.50,1.00
2016.05.16 23:32:17.530,1.86058,1.86107,1.00,1.00
2016.05.16 23:32:17.667,1.86058,1.86112,1.00,1.00
2016.05.16 23:32:17.792,1.86054,1.86106,1.00,1.00
2016.05.16 23:32:18.291,1.86058,1.86112,1.00,1.50
2016.05.16 23:32:18.593,1.86063,1.86113,1.00,1.00
2016.05.16 23:32:22.696,1.86059,1.86112,1.00,1.00
2016.05.16 23:32:23.690,1.86058,1.86112,1.00,1.00
2016.05.16 23:32:26.704,1.86059,1.86111,1.00,1.00
2016.05.16 23:32:27.361,1.86058,1.86112,1.00,1.00
2016.05.16 23:32:30.010,1.86056,1.86106,1.00,1.00
2016.05.16 23:32:30.569,1.86056,1.86107,1.00,1.00
2016.05.16 23:32:31.763,1.86055,1.86107,1.00,1.00
2016.05.16 23:32:32.072,1.86055,1.86101,1.00,1.00
2016.05.16 23:32:32.345,1.86051,1.86101,1.00,1.00
2016.05.16 23:32:33.331,1.86053,1.86107,1.00,1.00
2016.05.16 23:32:33.407,1.86051,1.86102,1.00,1.00
2016.05.16 23:32:33.705,1.86048,1.86102,1.50,1.00
2016.05.16 23:32:35.317,1.86048,1.86108,1.50,1.00
2016.05.16 23:32:35.418,1.86054,1.86106,1.00,1.00
2016.05.16 23:32:35.849,1.86058,1.86108,1.00,1.00
2016.05.16 23:32:37.400,1.86058,1.86099,1.00,1.00
2016.05.16 23:32:37.451,1.86049,1.86099,1.00,1.00
2016.05.16 23:32:37.501,1.86049,1.86092,1.00,1.00
2016.05.16 23:32:37.552,1.86046,1.86092,1.50,1.00
2016.05.16 23:32:37.653,1.86044,1.86096,1.00,3.00
2016.05.16 23:32:37.753,1.86049,1.86096,1.00,1.00
2016.05.16 23:32:37.905,1.86049,1.86101,1.00,1.00
2016.05.16 23:32:37.955,1.86054,1.86103,1.00,1.00
2016.05.16 23:32:38.182,1.86055,1.86106,1.00,1.00
2016.05.16 23:32:38.235,1.86063,1.86111,1.00,1.00
2016.05.16 23:32:38.436,1.86063,1.86117,1.00,1.00
2016.05.16 23:32:38.538,1.86069,1.86118,1.00,1.00
2016.05.16 23:32:39.172,1.86068,1.86118,1.00,1.00
2016.05.16 23:32:39.798,1.86068,1.86119,1.00,1.00
2016.05.16 23:32:40.575,1.86069,1.86119,1.00,1.00
2016.05.16 23:32:41.444,1.86069,1.86118,1.00,1.00
2016.05.16 23:32:43.048,1.86064,1.86117,1.00,1.00
2016.05.16 23:32:44.381,1.86073,1.86117,1.00,1.00
2016.05.16 23:32:44.432,1.86073,1.86119,1.00,1.00
2016.05.16 23:32:44.482,1.8608,1.86119,1.00,1.00
2016.05.16 23:32:44.583,1.86078,1.86118,1.00,1.00
2016.05.16 23:32:44.634,1.86084,1.8613,1.00,1.00
2016.05.16 23:32:47.636,1.86081,1.86122,1.00,1.00
2016.05.16 23:32:47.888,1.86064,1.8611,1.50,1.00
2016.05.16 23:32:48.338,1.86064,1.86107,1.00,1.00
2016.05.16 23:32:48.585,1.8606,1.86105,1.00,1.00
2016.05.16 23:32:48.685,1.86064,1.86108,1.00,1.00
2016.05.16 23:32:48.786,1.86059,1.86106,1.00,1.00
2016.05.16 23:32:50.648,1.86063,1.86106,1.00,1.00
2016.05.16 23:32:50.749,1.86059,1.86106,1.50,1.00
2016.05.16 23:32:52.444,1.86064,1.86111,1.00,1.50
2016.05.16 23:32:52.767,1.86069,1.86111,1.00,1.00
2016.05.16 23:32:54.351,1.8607,1.86114,1.00,1.00
2016.05.16 23:33:01.773,1.86073,1.86114,1.00,1.00
2016.05.16 23:33:02.024,1.86073,1.86118,1.50,1.00
2016.05.16 23:33:02.697,1.86077,1.86121,1.00,1.00
2016.05.16 23:33:03.341,1.86079,1.86121,1.00,1.00
2016.05.16 23:33:06.243,1.86077,1.86121,1.00,1.00
2016.05.16 23:33:09.372,1.86078,1.86121,1.00,1.00
2016.05.16 23:33:10.413,1.86079,1.86126,1.00,1.00
2016.05.16 23:33:22.658,1.86084,1.86126,1.00,1.00
2016.05.16 23:33:22.759,1.86079,1.86126,1.50,1.00
2016.05.16 23:33:31.637,1.86084,1.8613,1.00,1.00
2016.05.16 23:33:34.604,1.86088,1.86132,1.00,1.00
2016.05.16 23:33:45.551,1.8609,1.86137,1.00,1.00
2016.05.16 23:33:45.652,1.86094,1.86139,1.00,1.00
2016.05.16 23:33:52.202,1.8609,1.86137,1.00,1.50
2016.05.16 23:33:52.510,1.8609,1.86132,1.00,1.00
2016.05.16 23:33:52.611,1.8609,1.86137,1.00,1.50
2016.05.16 23:33:58.036,1.86095,1.86142,1.00,1.50
2016.05.16 23:34:00.748,1.86098,1.86145,1.00,1.00
2016.05.16 23:34:01.077,1.86102,1.86147,1.00,1.00
2016.05.16 23:34:02.018,1.86121,1.86147,1.00,1.00
2016.05.16 23:34:02.068,1.86121,1.8616,1.00,1.00
2016.05.16 23:34:02.119,1.86121,1.86163,1.00,1.00
2016.05.16 23:34:02.170,1.86124,1.86167,1.00,1.00
2016.05.16 23:34:02.426,1.86124,1.86161,1.00,1.00
2016.05.16 23:34:02.476,1.86118,1.86161,1.00,1.00
2016.05.16 23:34:02.527,1.86114,1.86156,1.00,1.00
2016.05.16 23:34:02.829,1.86109,1.86156,1.00,1.50
2016.05.16 23:34:07.605,1.86114,1.86157,1.00,1.00
2016.05.16 23:34:07.959,1.86113,1.86151,1.00,1.00
2016.05.16 23:34:08.059,1.86113,1.86157,1.00,1.00
2016.05.16 23:34:08.110,1.8611,1.86156,1.00,1.00
2016.05.16 23:34:08.161,1.8611,1.86151,1.00,1.00
2016.05.16 23:34:08.264,1.86106,1.86151,1.00,1.00
2016.05.16 23:34:10.304,1.86102,1.86149,1.00,1.00
2016.05.16 23:34:10.463,1.86102,1.86147,1.00,1.00
2016.05.16 23:34:10.664,1.86102,1.86149,1.00,1.00
2016.05.16 23:34:10.724,1.86098,1.86145,1.50,1.00
2016.05.16 23:34:11.692,1.86103,1.86147,1.00,1.50
2016.05.16 23:34:12.095,1.861,1.86144,1.00,1.00
2016.05.16 23:34:14.903,1.86102,1.86146,1.00,1.00
2016.05.16 23:34:14.953,1.86102,1.86149,1.00,1.00
2016.05.16 23:34:15.374,1.86109,1.86149,1.00,1.00
2016.05.16 23:34:15.425,1.86109,1.86152,1.00,1.00
2016.05.16 23:34:15.525,1.8611,1.86154,1.00,1.00
2016.05.16 23:34:15.626,1.86114,1.86159,1.00,1.00
2016.05.16 23:34:16.977,1.86118,1.86159,1.00,1.00
2016.05.16 23:34:17.027,1.86118,1.86164,1.00,1.00
2016.05.16 23:34:18.170,1.86123,1.86164,1.00,1.00
2016.05.16 23:34:18.485,1.86128,1.86168,1.00,1.00
2016.05.16 23:34:20.542,1.86123,1.86168,1.00,1.00
2016.05.16 23:34:23.644,1.86124,1.86168,1.00,1.00
2016.05.16 23:34:23.695,1.86128,1.86168,1.00,1.00
2016.05.16 23:34:23.997,1.86178,1.86201,1.00,1.00
2016.05.16 23:34:24.098,1.86178,1.8622,1.00,1.19
2016.05.16 23:34:24.199,1.86173,1.86221,1.00,1.00
2016.05.16 23:34:24.300,1.86173,1.86224,1.00,1.00
2016.05.16 23:34:24.490,1.86168,1.86222,1.00,1.00
2016.05.16 23:34:24.714,1.86172,1.86218,1.00,1.00
2016.05.16 23:34:25.210,1.86176,1.8622,1.00,1.00
2016.05.16 23:34:25.910,1.86178,1.86222,1.00,1.00
2016.05.16 23:34:26.011,1.86185,1.86235,1.00,1.00
2016.05.16 23:34:26.062,1.86198,1.86248,1.00,1.00
2016.05.16 23:34:26.163,1.86198,1.86252,1.00,1.00
2016.05.16 23:34:26.264,1.86213,1.86262,1.00,1.00
2016.05.16 23:34:26.592,1.86229,1.86281,1.00,1.00
2016.05.16 23:34:26.662,1.86233,1.86285,1.00,1.00
2016.05.16 23:34:26.712,1.86233,1.86287,1.00,1.00
2016.05.16 23:34:26.763,1.86239,1.86291,1.00,1.00
2016.05.16 23:34:26.964,1.86248,1.86302,1.00,1.00
2016.05.16 23:34:27.065,1.86258,1.86308,1.00,1.00
2016.05.16 23:34:27.116,1.86258,1.86312,1.50,1.00
2016.05.16 23:34:27.167,1.86264,1.86316,1.00,1.00
2016.05.16 23:34:27.457,1.86278,1.86338,1.00,1.00
2016.05.16 23:34:27.508,1.86289,1.86342,1.00,1.00
2016.05.16 23:34:27.559,1.86293,1.86347,1.00,1.00
2016.05.16 23:34:27.660,1.86298,1.86352,1.00,1.00
2016.05.16 23:34:27.962,1.86348,1.86373,1.00,1.00
2016.05.16 23:34:28.012,1.86348,1.86385,1.00,1.00
2016.05.16 23:34:28.063,1.86348,1.86391,1.00,1.00
2016.05.16 23:34:28.114,1.8636,1.86402,1.00,1.00
2016.05.16 23:34:28.299,1.86388,1.86432,1.00,1.00
2016.05.16 23:34:28.350,1.86388,1.86442,1.00,1.00
2016.05.16 23:34:28.401,1.86397,1.86449,1.00,1.00
2016.05.16 23:34:28.452,1.86397,1.86455,1.00,1.00
2016.05.16 23:34:28.502,1.86413,1.86462,1.00,1.00
2016.05.16 23:34:28.574,1.86423,1.86473,1.00,1.00
2016.05.16 23:34:28.625,1.86424,1.86477,1.00,1.00
2016.05.16 23:34:28.816,1.8644,1.86482,1.00,1.00
2016.05.16 23:34:28.867,1.86443,1.86497,1.00,1.00
2016.05.16 23:34:28.968,1.86453,1.86507,1.00,1.00
2016.05.16 23:34:29.169,1.86468,1.86532,1.00,1.00
2016.05.16 23:34:29.220,1.86475,1.86532,1.00,1.00
2016.05.16 23:34:29.555,1.86485,1.86532,1.00,1.00
2016.05.16 23:34:29.857,1.86495,1.86542,1.00,1.00
2016.05.16 23:34:29.962,1.86496,1.86547,1.00,1.00
2016.05.16 23:34:30.013,1.86501,1.86547,1.00,1.00
2016.05.16 23:34:30.224,1.86497,1.86547,1.00,1.00
2016.05.16 23:34:30.520,1.865,1.86547,1.00,1.00
2016.05.16 23:34:30.826,1.86507,1.86547,1.00,1.00
2016.05.16 23:34:30.927,1.86507,1.86552,1.00,1.00
2016.05.16 23:34:31.230,1.86509,1.86551,1.00,1.00
2016.05.16 23:34:31.521,1.86475,1.86527,1.00,1.00
2016.05.16 23:34:31.828,1.86479,1.86531,1.00,1.00
2016.05.16 23:34:32.131,1.86488,1.86542,1.50,1.00
2016.05.16 23:34:32.530,1.86499,1.86541,1.00,1.00
2016.05.16 23:34:32.631,1.86499,1.86546,1.00,1.00
2016.05.16 23:34:32.750,1.86494,1.86546,1.00,1.00
2016.05.16 23:34:32.851,1.8649,1.86541,1.00,1.00
2016.05.16 23:34:32.952,1.86488,1.86542,1.00,1.00
2016.05.16 23:34:33.131,1.86484,1.86536,1.00,1.00
2016.05.16 23:34:33.782,1.86484,1.86537,1.00,1.00
2016.05.16 23:34:34.034,1.86488,1.86542,1.00,1.00
2016.05.16 23:34:34.636,1.86483,1.86537,1.00,1.00
2016.05.16 23:34:34.938,1.86464,1.86511,1.00,1.00
2016.05.16 23:34:35.090,1.8646,1.86511,1.00,1.00
2016.05.16 23:34:35.141,1.86448,1.86502,1.00,1.00
2016.05.16 23:34:35.242,1.86439,1.86491,1.00,1.00
2016.05.16 23:34:35.789,1.8644,1.86492,1.00,1.00
2016.05.16 23:34:36.090,1.86442,1.86492,1.00,1.00
2016.05.16 23:34:36.340,1.86454,1.86506,1.50,1.00
2016.05.16 23:34:36.441,1.86463,1.86516,2.25,1.00
2016.05.16 23:34:36.561,1.86468,1.86516,1.00,1.00
2016.05.16 23:34:36.620,1.8647,1.86522,1.00,1.00
2016.05.16 23:34:37.197,1.86469,1.86522,1.50,1.00
2016.05.16 23:34:37.793,1.8647,1.86522,1.00,1.00
2016.05.16 23:34:38.541,1.86487,1.86531,1.00,1.00
2016.05.16 23:34:38.642,1.86492,1.86542,1.00,1.00
2016.05.16 23:34:38.744,1.86495,1.86541,1.00,1.00
2016.05.16 23:34:38.947,1.86499,1.86546,1.00,1.00
2016.05.16 23:34:39.048,1.86496,1.86546,1.00,1.00
2016.05.16 23:34:39.148,1.86502,1.86547,1.00,1.00
2016.05.16 23:34:39.249,1.86499,1.86547,1.00,1.00
2016.05.16 23:34:39.303,1.86497,1.86547,1.00,1.00
2016.05.16 23:34:39.427,1.86497,1.86542,1.00,1.00
2016.05.16 23:34:39.648,1.86497,1.86546,1.00,1.00
2016.05.16 23:34:39.804,1.86499,1.86547,1.00,1.00
2016.05.16 23:34:40.506,1.86498,1.86547,1.00,1.00
2016.05.16 23:34:41.758,1.86494,1.86546,1.00,1.00
2016.05.16 23:34:41.858,1.86488,1.86542,1.00,1.00
2016.05.16 23:34:41.959,1.86483,1.86532,1.00,1.00
2016.05.16 23:34:42.010,1.86478,1.86532,1.50,1.00
2016.05.16 23:34:42.060,1.86473,1.86527,1.50,1.00
2016.05.16 23:34:42.404,1.8648,1.86531,1.00,1.00
2016.05.16 23:34:42.918,1.86481,1.86531,1.00,1.00
2016.05.16 23:34:43.244,1.86489,1.86536,1.00,1.00
2016.05.16 23:34:43.443,1.86484,1.86532,1.00,1.00
2016.05.16 23:34:43.857,1.8649,1.86537,1.00,1.00
2016.05.16 23:34:43.958,1.86494,1.86542,1.00,1.00
2016.05.16 23:34:44.160,1.86496,1.86542,1.00,1.00
2016.05.16 23:34:44.261,1.86487,1.86536,1.00,1.00
2016.05.16 23:34:44.362,1.86491,1.86537,1.00,1.00
2016.05.16 23:34:44.462,1.86486,1.86537,1.00,1.00
2016.05.16 23:34:44.876,1.8649,1.86537,1.00,1.00
2016.05.16 23:34:45.262,1.86491,1.86541,1.00,1.00
2016.05.16 23:34:45.812,1.86491,1.86542,1.00,1.00
2016.05.16 23:34:46.322,1.86491,1.86541,1.00,1.00
2016.05.16 23:34:46.445,1.86489,1.86536,1.50,1.00
2016.05.16 23:34:47.267,1.86489,1.86537,1.00,1.00
2016.05.16 23:34:48.030,1.86488,1.86537,1.00,1.00
2016.05.16 23:34:48.474,1.86473,1.86527,1.00,1.00
2016.05.16 23:34:48.525,1.86471,1.86522,1.00,1.00
2016.05.16 23:34:48.626,1.86469,1.86521,1.50,1.00
2016.05.16 23:34:48.726,1.86479,1.86522,1.00,1.00
2016.05.16 23:34:48.828,1.8648,1.86527,1.00,1.00
2016.05.16 23:34:49.461,1.86479,1.86527,1.00,1.00
2016.05.16 23:34:49.928,1.86477,1.86527,1.00,1.00
2016.05.16 23:34:50.029,1.86483,1.86527,1.00,1.00
2016.05.16 23:34:50.251,1.86484,1.86532,1.00,1.00
2016.05.16 23:34:50.329,1.8648,1.86532,1.00,1.00
2016.05.16 23:34:50.878,1.86478,1.86532,1.50,1.00
2016.05.16 23:34:51.012,1.86474,1.86526,1.00,1.00
2016.05.16 23:34:51.063,1.86468,1.86522,1.50,1.00
2016.05.16 23:34:51.365,1.86465,1.86517,1.00,1.00
2016.05.16 23:34:51.466,1.86463,1.86517,1.50,1.00
2016.05.16 23:34:52.133,1.86464,1.86517,1.00,1.00
2016.05.16 23:34:52.325,1.86467,1.86517,1.00,1.00
2016.05.16 23:34:52.730,1.86469,1.86517,1.00,1.00
2016.05.16 23:34:53.081,1.86463,1.86517,1.50,1.00
2016.05.16 23:34:53.534,1.86459,1.86507,1.00,1.00
2016.05.16 23:34:53.735,1.86461,1.86511,1.00,1.00
2016.05.16 23:34:54.283,1.8646,1.86511,1.00,1.00
2016.05.16 23:34:54.823,1.86459,1.86511,1.00,1.00
2016.05.16 23:34:55.138,1.86463,1.86511,1.00,1.00
2016.05.16 23:34:55.533,1.86464,1.86516,1.00,1.00
2016.05.16 23:34:56.580,1.86463,1.86517,1.00,1.00
2016.05.16 23:34:56.635,1.86462,1.86512,1.00,1.00
2016.05.16 23:34:56.686,1.86458,1.86512,1.00,1.00
2016.05.16 23:34:57.040,1.86456,1.86507,1.00,1.00
2016.05.16 23:34:57.556,1.86455,1.86507,1.00,1.00
2016.05.16 23:34:58.737,1.86458,1.86512,1.00,1.00
2016.05.16 23:34:59.545,1.86453,1.86507,1.50,1.00
2016.05.16 23:34:59.895,1.86455,1.86506,1.00,1.00
2016.05.16 23:35:00.396,1.86454,1.86506,1.50,1.00
2016.05.16 23:35:00.886,1.8646,1.86506,1.00,1.00
2016.05.16 23:35:00.987,1.8646,1.86511,1.00,1.00
2016.05.16 23:35:01.088,1.86456,1.86507,1.00,1.00
2016.05.16 23:35:01.189,1.86454,1.86506,1.50,1.00
2016.05.16 23:35:01.548,1.86458,1.86506,1.00,1.00
2016.05.16 23:35:01.649,1.86454,1.86506,1.50,1.00
2016.05.16 23:35:02.153,1.86453,1.86507,1.50,1.00
2016.05.16 23:35:02.748,1.86454,1.86507,1.00,1.00
2016.05.16 23:35:02.943,1.86453,1.86502,1.00,1.00
2016.05.16 23:35:03.363,1.86451,1.86502,1.00,1.00
2016.05.16 23:35:03.564,1.86449,1.86502,1.00,1.00
2016.05.16 23:35:04.095,1.86451,1.86501,1.00,1.00
2016.05.16 23:35:04.154,1.86449,1.86501,1.50,1.00
2016.05.16 23:35:04.659,1.8645,1.86501,1.00,1.00
2016.05.16 23:35:05.356,1.86449,1.86501,1.00,1.00
2016.05.16 23:35:06.047,1.86448,1.86502,1.00,1.00
2016.05.16 23:35:06.773,1.86444,1.86496,1.00,1.00
2016.05.16 23:35:06.974,1.86448,1.86502,1.00,1.00
2016.05.16 23:35:07.075,1.86443,1.86497,1.00,1.00
2016.05.16 23:35:07.650,1.86439,1.86491,1.00,1.00
2016.05.16 23:35:07.876,1.86443,1.86497,1.00,1.00
2016.05.16 23:35:08.103,1.86449,1.86501,1.00,1.00
2016.05.16 23:35:08.451,1.86443,1.86497,1.00,1.00
2016.05.16 23:35:09.554,1.86444,1.86496,1.00,1.00
2016.05.16 23:35:09.655,1.86448,1.86502,1.00,1.00
2016.05.16 23:35:09.854,1.86443,1.86497,1.00,1.00
2016.05.16 23:35:12.606,1.86439,1.86491,1.00,1.00
2016.05.16 23:35:12.707,1.86443,1.86497,1.00,1.00
2016.05.16 23:35:12.909,1.86441,1.86492,1.00,1.00
2016.05.16 23:35:13.029,1.86444,1.86496,1.00,1.00
2016.05.16 23:35:13.200,1.86448,1.86502,1.00,1.50
2016.05.16 23:35:13.415,1.86443,1.86497,1.00,1.00
2016.05.16 23:35:13.758,1.86448,1.86502,1.00,1.50
2016.05.16 23:35:14.582,1.86448,1.86501,1.00,1.00
2016.05.16 23:35:15.110,1.86453,1.86501,1.00,1.00
2016.05.16 23:35:15.161,1.86453,1.86507,1.00,1.50
2016.05.16 23:35:15.301,1.86456,1.86506,1.00,1.00
2016.05.16 23:35:15.352,1.86458,1.86512,1.00,1.00
2016.05.16 23:35:15.404,1.86463,1.86517,1.00,1.00
2016.05.16 23:35:15.710,1.86458,1.86512,1.00,1.00
2016.05.16 23:35:16.035,1.86463,1.86517,1.00,1.00
2016.05.16 23:35:16.347,1.86458,1.86512,1.00,1.00
2016.05.16 23:35:16.829,1.86464,1.86516,1.00,1.00
2016.05.16 23:35:17.340,1.86463,1.86517,1.00,1.00
2016.05.16 23:35:19.345,1.86458,1.86512,1.00,1.00
2016.05.16 23:35:19.696,1.86464,1.86516,1.00,1.00
2016.05.16 23:35:20.049,1.86458,1.86512,1.00,1.00
2016.05.16 23:35:20.309,1.86463,1.86517,1.00,1.00
2016.05.16 23:35:20.780,1.86458,1.86512,1.00,1.00
2016.05.16 23:35:22.032,1.86459,1.86511,1.00,1.50
2016.05.16 23:35:22.335,1.86454,1.86506,1.00,1.00
2016.05.16 23:35:22.652,1.86449,1.86501,1.00,1.00
2016.05.16 23:35:23.186,1.86448,1.86502,1.00,1.00
2016.05.16 23:35:24.119,1.86449,1.86501,1.00,1.00
2016.05.16 23:35:24.990,1.86449,1.86499,1.00,1.00
2016.05.16 23:35:25.040,1.86443,1.86497,1.00,1.00
2016.05.16 23:35:25.538,1.86439,1.86491,1.00,1.00
2016.05.16 23:35:26.321,1.86444,1.86496,1.00,1.00
2016.05.16 23:35:26.804,1.86446,1.86496,1.00,1.00
2016.05.16 23:35:27.079,1.86444,1.86497,1.00,1.00
2016.05.16 23:35:27.591,1.86444,1.86496,1.00,1.00
2016.05.16 23:35:27.641,1.86437,1.86487,1.00,1.00
2016.05.16 23:35:27.692,1.86433,1.86487,1.00,1.00
2016.05.16 23:35:30.226,1.86434,1.86486,1.00,1.00
2016.05.16 23:35:30.668,1.86438,1.86492,1.00,1.00
2016.05.16 23:35:31.196,1.86439,1.86491,1.00,2.25
2016.05.16 23:35:31.297,1.86439,1.86488,1.00,1.00
2016.05.16 23:35:31.700,1.86439,1.86491,1.00,2.25
2016.05.16 23:35:32.111,1.86447,1.86491,1.00,1.00
2016.05.16 23:35:32.162,1.86453,1.86503,1.00,1.00
2016.05.16 23:35:32.263,1.86458,1.86505,1.00,1.00
2016.05.16 23:35:32.313,1.86458,1.86512,1.00,1.00
2016.05.16 23:35:32.465,1.86464,1.86516,1.00,1.00
2016.05.16 23:35:32.666,1.86468,1.86521,1.00,1.00
2016.05.16 23:35:32.724,1.86463,1.86517,1.50,1.00
2016.05.16 23:35:33.200,1.86467,1.86517,1.00,1.00
2016.05.16 23:35:33.725,1.86468,1.86522,1.50,1.00
2016.05.16 23:35:33.851,1.86467,1.86517,1.00,1.00
2016.05.16 23:35:34.467,1.86468,1.86517,1.00,1.00
2016.05.16 23:35:35.050,1.86468,1.86516,1.00,1.00
2016.05.16 23:35:35.151,1.86465,1.86517,1.00,1.00
2016.05.16 23:35:35.339,1.86463,1.86517,1.00,1.00
2016.05.16 23:35:36.131,1.86458,1.86512,1.00,1.00
2016.05.16 23:35:36.432,1.86464,1.86516,1.00,1.00
2016.05.16 23:35:36.961,1.86463,1.86517,1.00,1.00
2016.05.16 23:35:37.858,1.86459,1.86511,1.00,1.00
2016.05.16 23:35:38.781,1.86468,1.86512,1.00,1.00
2016.05.16 23:35:39.033,1.86463,1.86512,1.00,1.00
2016.05.16 23:35:39.733,1.86458,1.86512,1.50,1.00
2016.05.16 23:35:39.834,1.86463,1.86512,1.00,1.00
2016.05.16 23:35:40.134,1.86463,1.86517,1.00,1.00
2016.05.16 23:35:40.662,1.86458,1.86512,1.50,1.00
2016.05.16 23:35:40.985,1.86464,1.86516,1.00,1.00
2016.05.16 23:35:41.513,1.86463,1.86517,1.00,1.00
2016.05.16 23:35:43.817,1.8647,1.86517,1.00,1.00
2016.05.16 23:35:43.867,1.8647,1.86522,1.00,1.00
2016.05.16 23:35:43.918,1.86468,1.86522,1.50,1.00
2016.05.16 23:35:44.019,1.8647,1.86521,1.00,1.00
2016.05.16 23:35:44.418,1.86468,1.86521,1.00,1.00
2016.05.16 23:35:44.469,1.86464,1.86516,1.00,1.00
2016.05.16 23:35:44.771,1.86458,1.86512,1.00,1.50
2016.05.16 23:35:44.821,1.86458,1.86506,1.00,1.00
2016.05.16 23:35:44.872,1.86454,1.86506,1.00,1.50
2016.05.16 23:35:45.362,1.86458,1.86512,1.00,1.50
2016.05.16 23:35:45.664,1.86453,1.86507,1.00,1.00
2016.05.16 23:35:45.966,1.86459,1.86511,1.00,1.00
2016.05.16 23:35:47.373,1.86453,1.86507,1.00,1.00
2016.05.16 23:35:50.419,1.86448,1.86502,1.00,1.00
2016.05.16 23:35:52.449,1.86449,1.86501,1.00,1.00
2016.05.16 23:35:53.748,1.86444,1.86496,1.00,1.00
2016.05.16 23:35:54.297,1.86443,1.86497,1.00,1.00
2016.05.16 23:35:56.352,1.86439,1.86491,1.00,1.00
2016.05.16 23:35:56.856,1.86444,1.86496,1.00,1.00
2016.05.16 23:35:57.287,1.86438,1.86492,1.00,1.00
2016.05.16 23:35:58.762,1.86439,1.86491,1.00,1.50
2016.05.16 23:35:58.863,1.86438,1.86488,1.00,1.00
2016.05.16 23:35:58.964,1.86433,1.86487,1.00,1.00
2016.05.16 23:35:59.040,1.86433,1.86482,1.00,1.00
2016.05.16 23:35:59.090,1.86428,1.86482,1.00,1.50
2016.05.16 23:35:59.141,1.86428,1.86475,1.00,1.00
2016.05.16 23:35:59.281,1.86438,1.86491,1.00,1.00
2016.05.16 23:35:59.382,1.86433,1.86487,1.50,1.00
2016.05.16 23:35:59.483,1.86438,1.86484,1.00,1.00
2016.05.16 23:35:59.584,1.86438,1.86488,1.00,1.00
2016.05.16 23:36:00.166,1.86438,1.86487,1.00,1.00
2016.05.16 23:36:00.268,1.86434,1.86486,1.00,1.00
2016.05.16 23:36:00.567,1.86438,1.86488,1.00,1.00
2016.05.16 23:36:00.893,1.86443,1.86497,1.00,1.00
2016.05.16 23:36:01.444,1.86444,1.86496,1.00,1.00
2016.05.16 23:36:01.669,1.86448,1.86502,1.00,1.00
2016.05.16 23:36:02.305,1.86454,1.86506,1.00,1.00
2016.05.16 23:36:02.642,1.86459,1.86511,1.00,1.00
2016.05.16 23:36:02.869,1.86453,1.86507,1.00,1.00
2016.05.16 23:36:03.560,1.86458,1.86509,1.00,1.00
2016.05.16 23:36:04.475,1.86453,1.86507,1.00,1.00
2016.05.16 23:36:05.001,1.86449,1.86501,1.00,1.00
2016.05.16 23:36:05.102,1.86443,1.86496,1.00,1.00
2016.05.16 23:36:05.910,1.86443,1.86495,1.00,1.00
2016.05.16 23:36:07.765,1.86438,1.86492,1.00,1.00
2016.05.16 23:36:08.276,1.86436,1.86487,1.00,1.00
2016.05.16 23:36:09.157,1.86437,1.86487,1.00,1.00
2016.05.16 23:36:09.658,1.86438,1.86487,1.00,1.00
2016.05.16 23:36:09.881,1.86433,1.86487,1.00,1.00
2016.05.16 23:36:09.982,1.8643,1.86482,1.00,1.00
2016.05.16 23:36:10.188,1.86418,1.86472,1.00,1.00
2016.05.16 23:36:10.289,1.86414,1.86467,1.00,1.00
2016.05.16 23:36:10.491,1.86418,1.86472,1.00,2.25
2016.05.16 23:36:10.871,1.86424,1.86472,1.00,1.00
2016.05.16 23:36:10.921,1.86424,1.86476,1.00,1.00
2016.05.16 23:36:11.442,1.86423,1.86477,1.00,1.00
2016.05.16 23:36:11.994,1.86418,1.86472,1.00,1.00
2016.05.16 23:36:12.495,1.86413,1.86467,1.00,1.00
2016.05.16 23:36:12.797,1.86413,1.86465,1.00,1.00
2016.05.16 23:36:12.898,1.86408,1.86462,1.00,1.00
2016.05.16 23:36:13.200,1.86414,1.86466,1.00,1.00
2016.05.16 23:36:13.997,1.86418,1.86472,1.00,1.50
2016.05.16 23:36:14.500,1.86419,1.86471,1.00,1.00
2016.05.16 23:36:14.902,1.86414,1.86466,1.00,1.00
2016.05.16 23:36:15.720,1.86413,1.86457,1.00,1.00
2016.05.16 23:36:15.921,1.86424,1.86471,1.00,1.00
2016.05.16 23:36:16.022,1.86418,1.86462,1.00,1.00
2016.05.16 23:36:16.324,1.86414,1.86456,1.00,1.00
2016.05.16 23:36:16.463,1.86408,1.86452,1.00,1.00
2016.05.16 23:36:16.514,1.86403,1.86447,1.00,1.00
2016.05.16 23:36:16.816,1.86399,1.8644,1.00,1.00
2016.05.16 23:36:16.917,1.86394,1.86436,1.00,1.50
2016.05.16 23:36:17.018,1.86398,1.86438,1.00,1.00
2016.05.16 23:36:17.121,1.86398,1.8644,1.00,1.00
2016.05.16 23:36:17.323,1.86393,1.86436,1.00,1.00
2016.05.16 23:36:17.779,1.86388,1.86432,1.00,1.00
2016.05.16 23:36:22.743,1.86388,1.86431,1.00,1.00
2016.05.16 23:36:22.923,1.86384,1.86426,1.00,1.00
2016.05.16 23:36:23.987,1.86389,1.8643,1.00,1.50
2016.05.16 23:36:24.088,1.86383,1.86427,1.00,1.00
2016.05.16 23:36:24.139,1.86383,1.86422,1.00,1.00
2016.05.16 23:36:24.682,1.86383,1.86427,1.00,1.50
2016.05.16 23:36:25.435,1.86384,1.86426,1.00,1.00
2016.05.16 23:36:25.536,1.86378,1.86422,1.00,1.00
2016.05.16 23:36:25.989,1.86384,1.86426,1.00,1.00
2016.05.16 23:36:26.636,1.86383,1.86427,1.00,1.00
2016.05.16 23:36:27.139,1.86384,1.86426,1.00,1.00
2016.05.16 23:36:27.290,1.86388,1.86432,1.00,1.00
2016.05.16 23:36:27.836,1.86389,1.86431,1.00,1.00
2016.05.16 23:36:28.040,1.86393,1.86437,1.00,1.50
2016.05.16 23:36:28.791,1.86393,1.86436,1.00,1.00
2016.05.16 23:36:28.993,1.86388,1.86432,1.00,1.00
2016.05.16 23:36:29.217,1.86393,1.86436,1.00,1.00
2016.05.16 23:36:29.502,1.86383,1.86427,1.00,1.00
2016.05.16 23:36:29.603,1.86388,1.86431,1.00,1.00
2016.05.16 23:36:29.943,1.86394,1.86436,1.00,1.00
2016.05.16 23:36:31.696,1.86399,1.86441,1.00,1.00
2016.05.16 23:36:32.229,1.86398,1.86442,1.00,1.00
2016.05.16 23:36:32.898,1.86393,1.86437,1.00,1.00
2016.05.16 23:36:34.218,1.86388,1.86432,1.00,1.00
2016.05.16 23:36:34.899,1.86394,1.86436,1.00,1.50
2016.05.16 23:36:35.440,1.86394,1.86435,1.00,1.00
2016.05.16 23:36:36.203,1.86394,1.86436,1.00,1.00
2016.05.16 23:36:36.531,1.86389,1.86431,1.00,1.00
2016.05.16 23:36:37.305,1.86394,1.86435,1.00,1.00
2016.05.16 23:36:37.602,1.86389,1.86431,1.00,1.00
2016.05.16 23:36:38.543,1.86384,1.86426,1.00,1.00
2016.05.16 23:36:39.586,1.86378,1.86422,1.00,1.00
2016.05.16 23:36:40.054,1.86384,1.86431,1.00,1.00
2016.05.16 23:36:40.155,1.86388,1.86438,1.00,1.00
2016.05.16 23:36:40.255,1.86388,1.86432,1.00,1.00
2016.05.16 23:36:40.508,1.86384,1.86432,1.00,1.00
2016.05.16 23:36:40.609,1.86389,1.86436,1.00,1.00
2016.05.16 23:36:40.911,1.86384,1.86426,1.00,1.00
2016.05.16 23:36:42.622,1.86385,1.86426,1.00,1.00
2016.05.16 23:36:42.723,1.86388,1.86432,1.00,1.00
2016.05.16 23:36:42.850,1.86393,1.86437,1.00,1.00
2016.05.16 23:36:43.235,1.86398,1.86442,1.00,1.00
2016.05.16 23:36:43.538,1.86409,1.86451,1.00,1.00
2016.05.16 23:36:44.027,1.86403,1.86447,1.00,1.00
2016.05.16 23:36:44.629,1.86404,1.86446,1.00,1.00
2016.05.16 23:36:44.680,1.86404,1.86442,1.00,1.00
2016.05.16 23:36:44.730,1.86388,1.86432,1.00,1.00
2016.05.16 23:36:44.831,1.86383,1.86427,1.00,1.00
2016.05.16 23:36:45.335,1.86384,1.86426,1.00,1.00
2016.05.16 23:36:45.830,1.86378,1.86422,1.00,1.00
2016.05.16 23:36:45.931,1.86384,1.86431,1.00,1.00
2016.05.16 23:36:46.149,1.86383,1.86427,1.00,1.00
2016.05.16 23:36:48.163,1.86378,1.86422,1.00,1.00
2016.05.16 23:36:52.366,1.86383,1.86427,1.00,1.00
2016.05.16 23:36:53.547,1.86378,1.86422,1.00,1.00
2016.05.16 23:36:54.659,1.86379,1.86421,1.00,1.00
2016.05.16 23:36:55.450,1.86378,1.86422,1.00,1.00
2016.05.16 23:36:57.522,1.86379,1.86421,1.00,1.00
2016.05.16 23:36:58.824,1.86383,1.86427,1.00,1.50
2016.05.16 23:36:59.024,1.86378,1.86422,1.00,1.00
2016.05.16 23:37:00.454,1.86389,1.86429,1.00,1.00
2016.05.16 23:37:00.555,1.86393,1.86437,1.00,1.00
2016.05.16 23:37:00.655,1.86389,1.86431,1.00,1.00
2016.05.16 23:37:00.756,1.86388,1.86435,1.00,1.00
2016.05.16 23:37:00.958,1.86388,1.8644,1.00,1.00
2016.05.16 23:37:01.635,1.86388,1.86441,1.00,1.00
2016.05.16 23:37:01.931,1.86393,1.86441,1.00,1.00
2016.05.16 23:37:02.141,1.86399,1.86448,1.00,1.00
2016.05.16 23:37:02.242,1.86394,1.86442,1.00,1.00
2016.05.16 23:37:02.570,1.86399,1.86446,1.00,1.00
2016.05.16 23:37:02.626,1.86399,1.86448,1.00,1.00
2016.05.16 23:37:02.728,1.86393,1.86447,1.00,1.00
2016.05.16 23:37:02.829,1.86398,1.8644,1.00,1.00
2016.05.16 23:37:02.930,1.86398,1.86446,1.00,1.00
2016.05.16 23:37:03.230,1.86403,1.86455,1.00,1.00
2016.05.16 23:37:03.331,1.86408,1.86457,1.00,1.00
2016.05.16 23:37:03.973,1.86408,1.86458,1.00,1.00
2016.05.16 23:37:05.359,1.86408,1.86455,1.00,1.00
2016.05.16 23:37:05.460,1.86403,1.86454,1.00,1.00
2016.05.16 23:37:05.670,1.86403,1.8645,1.00,1.00
2016.05.16 23:37:06.132,1.86398,1.86449,1.00,1.00
2016.05.16 23:37:07.668,1.86404,1.86453,1.00,1.00
2016.05.16 23:37:07.994,1.86404,1.86451,1.00,1.00
2016.05.16 23:37:08.331,1.86401,1.86442,1.00,1.00
2016.05.16 23:37:08.381,1.86404,1.86446,1.00,1.00
2016.05.16 23:37:09.453,1.86403,1.86447,1.00,1.50
2016.05.16 23:37:09.554,1.86408,1.86447,1.00,1.00
2016.05.16 23:37:09.654,1.86403,1.86447,1.00,1.00
2016.05.16 23:37:09.871,1.86403,1.8644,1.00,1.50
2016.05.16 23:37:09.972,1.86403,1.86445,1.00,1.00
2016.05.16 23:37:10.173,1.86398,1.86441,1.00,1.00
2016.05.16 23:37:10.702,1.86398,1.8644,1.00,1.00
2016.05.16 23:37:11.646,1.86389,1.8644,1.00,1.00
2016.05.16 23:37:11.696,1.8639,1.86432,1.00,1.00
2016.05.16 23:37:11.797,1.86394,1.86439,1.00,1.00
2016.05.16 23:37:11.848,1.86378,1.86422,3.00,1.00
2016.05.16 23:37:12.162,1.86373,1.86424,1.00,1.00
2016.05.16 23:37:12.226,1.86373,1.86421,1.00,1.00
2016.05.16 23:37:12.377,1.86374,1.86425,1.00,1.00
2016.05.16 23:37:12.428,1.86374,1.86422,1.00,1.00
2016.05.16 23:37:12.528,1.86379,1.86431,1.00,1.00
2016.05.16 23:37:12.579,1.86378,1.86422,1.00,1.00
2016.05.16 23:37:12.680,1.86378,1.86427,1.00,1.00
2016.05.16 23:37:12.731,1.86378,1.86421,1.00,1.00
2016.05.16 23:37:13.033,1.86379,1.86423,1.00,1.00
2016.05.16 23:37:13.134,1.86379,1.86425,1.00,1.00
2016.05.16 23:37:13.184,1.86373,1.86417,1.00,1.00
2016.05.16 23:37:15.844,1.86374,1.86416,1.00,1.00
2016.05.16 23:37:18.548,1.86368,1.86412,1.00,1.00
2016.05.16 23:37:20.800,1.86373,1.86417,1.00,1.50
2016.05.16 23:37:21.438,1.86368,1.86412,1.00,1.00
2016.05.16 23:37:22.539,1.86369,1.86411,1.00,1.00
2016.05.16 23:37:24.293,1.86369,1.8641,1.00,1.00
2016.05.16 23:37:24.343,1.86364,1.86406,1.00,1.00
2016.05.16 23:37:24.444,1.86358,1.86402,1.50,1.00
2016.05.16 23:37:24.655,1.86363,1.86407,1.00,1.50
2016.05.16 23:37:25.007,1.86358,1.86402,1.00,1.00
2016.05.16 23:37:25.356,1.86364,1.86406,1.00,1.50
2016.05.16 23:37:25.906,1.86358,1.86402,1.00,1.00
2016.05.16 23:37:26.142,1.86364,1.86406,1.00,1.50
2016.05.16 23:37:26.981,1.86364,1.86404,1.00,1.00
2016.05.16 23:37:27.608,1.86363,1.86404,1.00,1.00
2016.05.16 23:37:33.048,1.86358,1.86399,1.00,1.00
2016.05.16 23:37:33.249,1.86353,1.86395,1.00,1.00
2016.05.16 23:37:33.813,1.86349,1.86391,1.00,1.00
2016.05.16 23:37:34.915,1.86348,1.86392,1.00,1.00
2016.05.16 23:37:35.692,1.86348,1.86386,1.00,1.00
2016.05.16 23:37:35.743,1.86343,1.86386,1.00,1.50
2016.05.16 23:37:35.844,1.86339,1.86382,1.00,1.00
2016.05.16 23:37:36.194,1.86338,1.86378,1.00,1.00
2016.05.16 23:37:36.245,1.86334,1.86376,1.00,1.00
2016.05.16 23:37:36.497,1.86333,1.86374,1.00,1.00
2016.05.16 23:37:36.548,1.86329,1.86372,1.00,1.00
2016.05.16 23:37:37.018,1.86333,1.86374,1.00,1.00
2016.05.16 23:37:37.549,1.86333,1.86375,1.00,1.00
2016.05.16 23:37:38.578,1.86333,1.86377,1.00,1.50
2016.05.16 23:37:38.902,1.86333,1.86375,1.00,1.00
2016.05.16 23:37:39.239,1.86338,1.86375,1.00,1.00
2016.05.16 23:37:39.291,1.86338,1.86382,1.00,1.00
2016.05.16 23:37:39.552,1.86343,1.86386,1.00,1.00
2016.05.16 23:37:40.255,1.86343,1.86387,1.00,1.50
2016.05.16 23:37:41.308,1.86343,1.86382,1.00,1.00
2016.05.16 23:37:41.560,1.86339,1.86381,1.00,1.50
2016.05.16 23:37:41.611,1.86339,1.86379,1.00,1.00
2016.05.16 23:37:41.716,1.86343,1.86387,1.00,1.00
2016.05.16 23:37:41.959,1.86338,1.86389,1.00,1.00
2016.05.16 23:37:42.010,1.86338,1.86391,1.00,1.00
2016.05.16 23:37:42.161,1.86344,1.86391,1.00,1.00
2016.05.16 23:37:42.491,1.86348,1.86397,1.00,1.00
2016.05.16 23:37:42.591,1.86348,1.86399,1.00,1.00
2016.05.16 23:37:43.126,1.86344,1.86396,1.00,1.00
2016.05.16 23:37:44.627,1.86349,1.86398,1.00,1.00
2016.05.16 23:37:45.128,1.86344,1.86396,1.00,1.00
2016.05.16 23:37:45.329,1.86343,1.86393,1.00,1.00
2016.05.16 23:37:45.837,1.86343,1.86394,1.00,1.00
2016.05.16 23:37:46.366,1.86343,1.86393,1.00,1.00
2016.05.16 23:37:46.518,1.86348,1.86402,1.00,2.25
2016.05.16 23:37:46.669,1.86354,1.86403,1.00,1.00
2016.05.16 23:37:46.971,1.86359,1.86404,1.00,1.00
2016.05.16 23:37:47.022,1.86359,1.86406,1.00,1.00
2016.05.16 23:37:47.236,1.86359,1.86408,1.00,1.00
2016.05.16 23:37:47.462,1.86353,1.86407,1.00,1.00
2016.05.16 23:37:47.530,1.86358,1.86408,1.00,1.00
2016.05.16 23:37:47.902,1.86358,1.86406,1.00,1.00
2016.05.16 23:37:48.154,1.86348,1.864,1.00,1.00
2016.05.16 23:37:48.932,1.86349,1.86399,1.00,1.00
2016.05.16 23:37:51.025,1.86344,1.86396,1.00,1.00
2016.05.16 23:37:52.249,1.86348,1.86399,1.00,1.00
2016.05.16 23:37:52.550,1.86353,1.86399,1.00,1.00
2016.05.16 23:37:52.730,1.86353,1.86401,1.00,1.00
2016.05.16 23:37:54.153,1.86348,1.86401,1.00,1.00
2016.05.16 23:37:54.814,1.86348,1.86402,1.00,1.50
2016.05.16 23:37:54.938,1.86353,1.86402,1.00,1.00
2016.05.16 23:37:55.151,1.86353,1.86405,1.00,1.00
2016.05.16 23:37:56.475,1.86354,1.86405,1.00,1.00
2016.05.16 23:37:56.756,1.86353,1.86407,1.00,1.50
2016.05.16 23:37:57.676,1.86353,1.86406,1.00,1.00
2016.05.16 23:38:00.967,1.86353,1.86407,1.00,1.00
2016.05.16 23:38:08.539,1.86353,1.86405,1.00,1.00
2016.05.16 23:38:08.885,1.86349,1.86398,1.00,1.50
2016.05.16 23:38:09.494,1.86348,1.86398,1.00,1.00
2016.05.16 23:38:09.556,1.86346,1.86397,1.00,1.00
2016.05.16 23:38:10.088,1.86347,1.86397,1.00,1.00
2016.05.16 23:38:10.179,1.86347,1.86389,1.00,1.00
2016.05.16 23:38:10.351,1.86333,1.86381,1.00,1.00
2016.05.16 23:38:10.402,1.86328,1.86381,1.00,1.50
2016.05.16 23:38:10.553,1.86329,1.86379,1.00,1.00
2016.05.16 23:38:10.603,1.86324,1.86377,1.00,1.00
2016.05.16 23:38:10.654,1.86324,1.86372,1.00,1.00
2016.05.16 23:38:10.906,1.86323,1.86374,1.00,1.00
2016.05.16 23:38:10.957,1.86319,1.86371,1.50,1.00
2016.05.16 23:38:11.166,1.86324,1.86373,1.00,1.00
2016.05.16 23:38:11.217,1.86324,1.86375,1.00,1.00
2016.05.16 23:38:11.764,1.86324,1.86376,1.00,1.00
2016.05.16 23:38:12.369,1.86329,1.86381,1.00,1.50
2016.05.16 23:38:12.920,1.86328,1.86381,1.00,1.00
2016.05.16 23:38:13.260,1.86329,1.86374,1.00,1.00
2016.05.16 23:38:13.311,1.86329,1.86378,1.00,1.00
2016.05.16 23:38:13.412,1.86323,1.86377,1.00,1.00
2016.05.16 23:38:13.462,1.86323,1.86374,1.00,1.00
2016.05.16 23:38:13.563,1.86319,1.86371,1.00,1.00
2016.05.16 23:38:13.966,1.86324,1.86372,1.00,1.00
2016.05.16 23:38:14.067,1.86318,1.86371,1.00,1.00
2016.05.16 23:38:14.287,1.86313,1.86359,1.00,1.00
2016.05.16 23:38:14.517,1.86304,1.86351,1.00,1.00
2016.05.16 23:38:14.675,1.86302,1.86351,1.00,1.00
2016.05.16 23:38:14.726,1.86298,1.86351,1.00,1.00
2016.05.16 23:38:14.860,1.86303,1.86351,1.00,1.00
2016.05.16 23:38:15.030,1.86303,1.86355,1.00,1.50
2016.05.16 23:38:15.493,1.86308,1.86359,1.00,1.00
2016.05.16 23:38:15.594,1.86308,1.86362,1.00,1.50
2016.05.16 23:38:16.562,1.86314,1.86365,1.00,1.00
2016.05.16 23:38:16.784,1.86309,1.86361,1.00,1.00
2016.05.16 23:38:16.834,1.86309,1.86358,1.00,1.00
2016.05.16 23:38:17.163,1.86304,1.86356,1.00,1.00
2016.05.16 23:38:17.214,1.86304,1.86352,1.00,1.00
2016.05.16 23:38:17.265,1.86298,1.86352,1.00,1.50
2016.05.16 23:38:17.319,1.86298,1.86345,1.00,1.00
2016.05.16 23:38:17.369,1.86293,1.86342,1.00,1.00
2016.05.16 23:38:17.728,1.86294,1.86332,1.00,1.00
2016.05.16 23:38:17.829,1.86293,1.86334,1.00,1.00
2016.05.16 23:38:18.086,1.86288,1.86334,1.00,1.00
2016.05.16 23:38:18.723,1.86288,1.86333,1.00,1.00
2016.05.16 23:38:18.774,1.86288,1.86336,1.00,1.00
2016.05.16 23:38:18.925,1.86288,1.86334,1.00,1.00
2016.05.16 23:38:19.897,1.86284,1.86334,1.00,1.00
2016.05.16 23:38:20.403,1.86279,1.86327,1.00,1.00
2016.05.16 23:38:20.504,1.86279,1.86329,1.00,1.00
2016.05.16 23:38:21.398,1.86278,1.8633,1.00,1.00
2016.05.16 23:38:21.449,1.86278,1.86332,1.00,2.25
2016.05.16 23:38:21.499,1.86283,1.86332,1.00,1.00
2016.05.16 23:38:21.550,1.86283,1.86335,1.00,1.00
2016.05.16 23:38:22.200,1.86278,1.8632,1.00,1.00
2016.05.16 23:38:22.300,1.86274,1.86321,1.00,1.00
2016.05.16 23:38:22.452,1.8627,1.86321,1.00,1.00
2016.05.16 23:38:22.749,1.86268,1.86321,1.00,1.50
2016.05.16 23:38:22.999,1.86274,1.86321,1.00,1.50
2016.05.16 23:38:23.572,1.86273,1.86321,1.00,1.00
2016.05.16 23:38:26.454,1.86273,1.86327,1.00,1.00
2016.05.16 23:38:26.504,1.86288,1.86335,1.00,1.00
2016.05.16 23:38:26.762,1.86288,1.86338,1.00,2.25
2016.05.16 23:38:27.277,1.86289,1.86338,1.00,2.25
2016.05.16 23:38:27.508,1.86289,1.86335,1.00,1.00
2016.05.16 23:38:27.786,1.86283,1.86333,1.00,1.00
2016.05.16 23:38:27.938,1.86283,1.86337,1.00,1.00
2016.05.16 23:38:28.209,1.86288,1.86339,1.00,1.00
2016.05.16 23:38:28.439,1.86288,1.86341,1.00,1.50
2016.05.16 23:38:28.974,1.86288,1.86342,1.00,1.00
2016.05.16 23:38:30.880,1.86294,1.86343,1.00,2.25
2016.05.16 23:38:31.132,1.86293,1.86347,1.00,1.00
2016.05.16 23:38:31.183,1.86299,1.86349,1.00,1.00
2016.05.16 23:38:31.485,1.86303,1.8635,1.00,1.00
2016.05.16 23:38:31.586,1.86298,1.8635,1.00,1.00
2016.05.16 23:38:32.256,1.86299,1.86351,1.00,1.50
2016.05.16 23:38:32.958,1.86299,1.8635,1.00,1.00
2016.05.16 23:38:33.423,1.86298,1.86342,1.00,1.00
2016.05.16 23:38:34.638,1.86298,1.8635,1.00,1.50
2016.05.16 23:38:34.785,1.86303,1.8635,1.00,1.50
2016.05.16 23:38:35.462,1.86303,1.86351,1.00,1.00
2016.05.16 23:38:37.087,1.86299,1.86351,1.00,1.50
2016.05.16 23:38:37.138,1.86299,1.86347,1.00,1.00
2016.05.16 23:38:37.289,1.86293,1.86347,1.00,1.50
2016.05.16 23:38:37.442,1.86293,1.8634,1.00,1.00
2016.05.16 23:38:37.747,1.86278,1.86325,1.00,1.00
2016.05.16 23:38:37.999,1.86274,1.86325,1.00,1.00
2016.05.16 23:38:38.201,1.86278,1.86325,1.00,1.00
2016.05.16 23:38:38.389,1.86273,1.86325,1.00,1.00
2016.05.16 23:38:39.654,1.86273,1.86327,1.00,1.00
2016.05.16 23:38:39.705,1.86278,1.86328,1.00,1.00
2016.05.16 23:38:39.755,1.86278,1.8633,1.00,1.50
2016.05.16 23:38:40.057,1.86278,1.86332,1.00,1.50
2016.05.16 23:38:40.491,1.86283,1.86332,1.00,1.00
2016.05.16 23:38:42.498,1.86284,1.86332,1.00,1.00
2016.05.16 23:38:42.835,1.86289,1.86332,1.00,1.00
2016.05.16 23:38:42.957,1.86289,1.86334,1.00,1.00
2016.05.16 23:38:43.497,1.86289,1.86333,1.00,1.00
2016.05.16 23:38:47.461,1.86289,1.86334,1.00,1.00
2016.05.16 23:38:47.512,1.86293,1.86337,1.00,1.00
2016.05.16 23:38:47.562,1.86293,1.86341,1.00,1.50
2016.05.16 23:38:47.613,1.86298,1.86341,1.00,1.00
2016.05.16 23:38:47.764,1.86299,1.86347,1.00,1.00
2016.05.16 23:38:47.815,1.86303,1.86349,1.00,1.00
2016.05.16 23:38:47.866,1.86303,1.86354,1.00,1.00
2016.05.16 23:38:47.967,1.86303,1.86357,1.00,1.50
2016.05.16 23:38:48.118,1.86308,1.86356,1.00,1.00
2016.05.16 23:38:48.485,1.86308,1.86358,1.00,1.00
2016.05.16 23:38:49.029,1.86308,1.86359,1.00,1.00
2016.05.16 23:38:49.765,1.86308,1.8636,1.00,1.00
2016.05.16 23:38:49.816,1.86314,1.8636,1.00,1.00
2016.05.16 23:38:50.337,1.86314,1.86361,1.00,1.00
2016.05.16 23:38:50.906,1.86313,1.86361,1.00,1.00
2016.05.16 23:38:54.081,1.86313,1.86362,1.00,1.00
2016.05.16 23:38:54.383,1.86303,1.86349,1.00,1.00
2016.05.16 23:38:54.575,1.86303,1.86356,1.00,1.00
2016.05.16 23:38:55.153,1.86303,1.86357,1.00,1.50
2016.05.16 23:38:56.181,1.86309,1.86357,1.00,1.00
2016.05.16 23:38:56.282,1.86314,1.86366,1.00,1.00
2016.05.16 23:38:56.521,1.86323,1.86368,1.00,1.00
2016.05.16 23:38:58.714,1.86319,1.86368,1.00,1.00
2016.05.16 23:38:58.977,1.86319,1.8637,1.00,1.50
2016.05.16 23:38:59.478,1.86319,1.86368,1.00,1.00
2016.05.16 23:39:00.516,1.86318,1.86368,1.00,1.00
2016.05.16 23:39:00.830,1.86324,1.86369,1.00,1.00
2016.05.16 23:39:00.881,1.86324,1.86373,1.00,1.00
2016.05.16 23:39:01.032,1.86323,1.86378,1.00,1.00
2016.05.16 23:39:01.384,1.86323,1.8638,1.00,1.00
2016.05.16 23:39:01.554,1.86328,1.8638,1.00,1.00
2016.05.16 23:39:02.068,1.86328,1.86381,1.00,1.00
2016.05.16 23:39:03.420,1.86323,1.86381,1.00,1.00
2016.05.16 23:39:04.185,1.86323,1.86382,1.00,1.00
2016.05.16 23:39:04.540,1.86318,1.86377,2.25,1.00
2016.05.16 23:39:13.273,1.86319,1.86366,1.00,1.00
2016.05.16 23:39:13.374,1.86318,1.86377,1.00,1.00
2016.05.16 23:39:13.599,1.86318,1.86367,1.00,1.00
2016.05.16 23:39:13.907,1.86323,1.86372,1.00,1.00
2016.05.16 23:39:14.732,1.86318,1.86367,1.00,1.00
2016.05.16 23:39:17.146,1.86313,1.86362,1.50,1.00
2016.05.16 23:39:17.613,1.86313,1.86358,1.50,1.00
2016.05.16 23:39:17.664,1.86304,1.86352,1.00,1.00
2016.05.16 23:39:17.865,1.86304,1.86347,1.00,1.00
2016.05.16 23:39:17.967,1.86303,1.8635,1.00,1.00
2016.05.16 23:39:18.068,1.86303,1.86352,1.00,1.00
2016.05.16 23:39:18.169,1.86298,1.86347,1.00,1.00
2016.05.16 23:39:18.687,1.86299,1.86346,1.00,1.00
2016.05.16 23:39:19.004,1.86304,1.8635,1.00,1.00
2016.05.16 23:39:19.054,1.86298,1.86347,1.00,1.00
2016.05.16 23:39:19.155,1.86303,1.86352,1.00,1.00
2016.05.16 23:39:19.466,1.86297,1.86341,1.00,1.00
2016.05.16 23:39:19.567,1.86291,1.86337,1.00,1.00
2016.05.16 23:39:20.267,1.86284,1.86331,1.50,1.00
2016.05.16 23:39:20.318,1.86284,1.86326,1.50,1.00
2016.05.16 23:39:20.469,1.86273,1.86321,1.00,1.00
2016.05.16 23:39:20.570,1.86268,1.86317,1.50,1.00
2016.05.16 23:39:20.872,1.86263,1.86312,1.00,1.00
2016.05.16 23:39:21.174,1.86268,1.86317,1.00,1.00
2016.05.16 23:39:21.490,1.86273,1.86322,1.00,1.00
2016.05.16 23:39:22.344,1.86274,1.86321,1.00,1.00
2016.05.16 23:39:22.444,1.86278,1.86327,1.00,1.00
2016.05.16 23:39:24.847,1.86283,1.86332,1.00,1.50
2016.05.16 23:39:25.378,1.86289,1.86336,1.00,1.50
2016.05.16 23:39:26.057,1.86283,1.86337,1.00,1.00
2016.05.16 23:39:26.158,1.86293,1.86336,1.00,1.00
2016.05.16 23:39:26.208,1.86293,1.86343,1.00,1.50
2016.05.16 23:39:26.259,1.86288,1.86337,1.00,1.00
2016.05.16 23:39:26.561,1.86283,1.86332,1.00,1.00
2016.05.16 23:39:27.050,1.86289,1.86336,1.00,1.00
2016.05.16 23:39:30.480,1.86283,1.86332,1.00,1.00
2016.05.16 23:39:31.054,1.86289,1.86336,1.00,1.00
2016.05.16 23:39:31.608,1.86288,1.86337,1.00,1.50
2016.05.16 23:39:35.194,1.86283,1.86337,1.00,1.00
2016.05.16 23:39:35.295,1.86294,1.86344,1.00,1.50
2016.05.16 23:39:35.597,1.86289,1.86336,1.00,1.00
2016.05.16 23:39:35.798,1.86288,1.8634,1.00,1.00
2016.05.16 23:39:35.849,1.86288,1.86344,1.00,1.50
2016.05.16 23:39:35.899,1.86294,1.86344,1.00,1.50
2016.05.16 23:39:36.201,1.86293,1.86341,1.00,1.00
2016.05.16 23:39:36.737,1.86293,1.8634,1.00,1.00
2016.05.16 23:39:37.551,1.86293,1.86337,1.00,1.00
2016.05.16 23:39:38.301,1.86283,1.86332,1.00,1.00
2016.05.16 23:39:38.352,1.86283,1.8633,1.00,1.00
2016.05.16 23:39:38.503,1.86278,1.86327,1.00,1.00
2016.05.16 23:39:38.798,1.86283,1.86332,1.00,1.00
2016.05.16 23:39:39.669,1.86278,1.86327,1.00,1.00
2016.05.16 23:39:40.000,1.86277,1.86321,1.00,1.00
2016.05.16 23:39:40.151,1.86273,1.86322,1.00,1.50
2016.05.16 23:39:42.689,1.86278,1.86325,1.00,1.00
2016.05.16 23:39:42.790,1.86278,1.86327,1.00,1.50
2016.05.16 23:39:43.769,1.86283,1.86328,1.00,1.00
2016.05.16 23:39:43.819,1.86283,1.86331,1.00,1.00
2016.05.16 23:39:44.308,1.86288,1.86333,1.00,1.50
2016.05.16 23:39:45.011,1.86288,1.86334,1.00,1.50
2016.05.16 23:39:45.575,1.86284,1.86331,1.00,1.00
2016.05.16 23:39:45.676,1.86288,1.86333,1.00,1.00
2016.05.16 23:39:46.211,1.86283,1.86332,1.00,1.00
2016.05.16 23:39:47.773,1.86284,1.86331,1.00,1.00
2016.05.16 23:39:53.077,1.86278,1.86327,1.00,1.00
2016.05.16 23:39:54.186,1.86284,1.86331,1.00,1.00
2016.05.16 23:39:55.179,1.86283,1.86332,1.00,1.00
2016.05.16 23:39:56.996,1.86289,1.86334,1.00,1.00
2016.05.16 23:39:57.047,1.86289,1.86336,1.00,1.00
2016.05.16 23:39:57.097,1.86293,1.86339,1.00,1.50
2016.05.16 23:39:57.248,1.86294,1.86341,1.00,1.00
2016.05.16 23:39:57.882,1.8628,1.86327,1.00,1.00
2016.05.16 23:39:58.201,1.86269,1.86316,1.00,1.50
2016.05.16 23:39:59.505,1.86268,1.86317,1.00,1.00
2016.05.16 23:39:59.924,1.86273,1.86322,1.00,1.50
2016.05.16 23:40:00.235,1.86269,1.86316,1.00,1.00
2016.05.16 23:40:00.695,1.86263,1.86312,1.50,1.00
2016.05.16 23:40:01.202,1.86268,1.86317,1.00,1.00
2016.05.16 23:40:04.003,1.86263,1.86312,1.00,1.00
2016.05.16 23:40:05.365,1.86263,1.86307,1.50,1.00
2016.05.16 23:40:05.712,1.86248,1.86297,1.50,1.00
2016.05.16 23:40:05.991,1.86248,1.86292,1.00,1.00
2016.05.16 23:40:06.191,1.86248,1.86297,1.50,1.00
2016.05.16 23:40:06.593,1.86243,1.86292,1.00,1.00
2016.05.16 23:40:09.223,1.86243,1.86291,1.00,1.00
2016.05.16 23:40:09.551,1.86236,1.86282,1.00,1.00
2016.05.16 23:40:09.874,1.86233,1.86282,1.00,1.00
2016.05.16 23:40:11.196,1.8623,1.86277,1.00,1.00
2016.05.16 23:40:11.623,1.86233,1.86282,1.00,1.00
2016.05.16 23:40:11.847,1.86233,1.8627,1.00,1.00
2016.05.16 23:40:11.998,1.8621,1.86256,1.00,1.00
2016.05.16 23:40:12.049,1.8621,1.86254,1.00,1.00
2016.05.16 23:40:12.305,1.86194,1.86242,1.00,1.00
2016.05.16 23:40:12.607,1.86198,1.86247,1.00,1.00
2016.05.16 23:40:13.058,1.86203,1.86252,1.00,1.00
2016.05.16 23:40:15.438,1.86208,1.86257,1.00,1.00
2016.05.16 23:40:15.740,1.86213,1.86262,1.00,1.00
2016.05.16 23:40:16.410,1.86218,1.86264,1.00,1.00
2016.05.16 23:40:16.710,1.86214,1.86261,1.00,1.00
2016.05.16 23:40:17.111,1.86219,1.86264,1.00,1.00
2016.05.16 23:40:17.893,1.86219,1.86263,1.00,1.00
2016.05.16 23:40:18.114,1.86219,1.86266,1.00,1.00
2016.05.16 23:40:18.215,1.86223,1.86268,1.00,1.00
2016.05.16 23:40:18.416,1.86228,1.86277,1.00,1.00
2016.05.16 23:40:18.618,1.86234,1.86278,1.00,1.00
2016.05.16 23:40:20.099,1.86234,1.86281,1.00,1.00
2016.05.16 23:40:20.817,1.86238,1.86282,1.00,1.00
2016.05.16 23:40:20.918,1.86238,1.86286,1.00,1.00
2016.05.16 23:40:21.019,1.86248,1.86286,1.00,1.00
2016.05.16 23:40:21.159,1.86249,1.86296,1.00,1.50
2016.05.16 23:40:21.217,1.86253,1.86296,1.00,1.00
2016.05.16 23:40:21.424,1.86243,1.86292,1.00,1.00
2016.05.16 23:40:21.525,1.86225,1.86272,1.00,1.00
2016.05.16 23:40:21.626,1.86223,1.86272,1.50,1.00
2016.05.16 23:40:21.727,1.86218,1.86267,1.00,1.00
2016.05.16 23:40:22.029,1.86211,1.86257,1.00,1.00
2016.05.16 23:40:22.331,1.8621,1.86252,1.00,1.00
2016.05.16 23:40:22.514,1.86203,1.86252,1.00,1.00
2016.05.16 23:40:22.565,1.862,1.86247,1.00,1.00
2016.05.16 23:40:22.817,1.86198,1.86247,1.00,1.00
2016.05.16 23:40:23.360,1.86203,1.86252,1.00,1.00
2016.05.16 23:40:23.672,1.86198,1.86247,1.00,1.00
2016.05.16 23:40:23.987,1.86208,1.86257,1.00,1.00
2016.05.16 23:40:24.298,1.86218,1.86264,1.00,1.00
2016.05.16 23:40:24.348,1.86218,1.86267,1.00,1.00
2016.05.16 23:40:24.449,1.86223,1.86272,1.00,1.00
2016.05.16 23:40:24.869,1.86229,1.86276,1.00,1.00
2016.05.16 23:40:25.224,1.86233,1.86279,1.00,1.00
2016.05.16 23:40:25.325,1.86233,1.86282,1.00,1.00
2016.05.16 23:40:26.069,1.86238,1.86287,1.00,1.00
2016.05.16 23:40:31.759,1.86248,1.8629,1.00,1.00
2016.05.16 23:40:31.960,1.86253,1.863,1.00,1.00
2016.05.16 23:40:33.061,1.86248,1.86297,1.00,1.00
2016.05.16 23:40:33.333,1.86253,1.863,1.00,1.00
2016.05.16 23:40:35.153,1.86253,1.86302,1.00,1.00
2016.05.16 23:40:35.835,1.86248,1.86297,1.00,1.00
2016.05.16 23:40:41.440,1.86249,1.86296,1.00,1.00
2016.05.16 23:40:41.877,1.86243,1.86292,1.50,1.00
2016.05.16 23:40:42.494,1.86244,1.86291,1.00,1.00
2016.05.16 23:40:45.674,1.86243,1.86292,1.00,1.00
2016.05.16 23:40:46.352,1.86248,1.86297,1.00,1.00
2016.05.16 23:40:47.490,1.86254,1.86298,1.00,1.00
2016.05.16 23:40:48.503,1.86254,1.86299,1.00,1.00
2016.05.16 23:40:51.973,1.86254,1.86301,1.00,1.00
2016.05.16 23:40:52.651,1.86248,1.86297,1.50,1.00
2016.05.16 23:40:54.753,1.86254,1.86301,1.00,1.00
2016.05.16 23:40:59.302,1.86248,1.86292,1.50,1.00
2016.05.16 23:40:59.503,1.86244,1.86291,1.00,1.00
2016.05.16 23:40:59.657,1.86249,1.86291,1.00,1.00
2016.05.16 23:40:59.957,1.86243,1.86287,1.00,1.00
2016.05.16 23:41:01.259,1.86248,1.86297,1.00,1.00
2016.05.16 23:41:06.002,1.86249,1.86296,1.00,1.00
2016.05.16 23:41:06.204,1.86238,1.86287,1.00,1.00
2016.05.16 23:41:06.892,1.86243,1.86292,1.00,1.00
2016.05.16 23:41:11.069,1.86244,1.86291,1.00,1.00
2016.05.16 23:41:12.220,1.86238,1.86287,1.00,1.00
2016.05.16 23:41:12.706,1.86244,1.86291,1.00,1.00
2016.05.16 23:41:12.807,1.86238,1.86287,1.00,1.00
2016.05.16 23:41:13.181,1.86237,1.86281,1.00,1.00
2016.05.16 23:41:13.675,1.86238,1.86287,1.00,1.00
2016.05.16 23:41:16.481,1.86243,1.8629,1.00,1.00
2016.05.16 23:41:17.385,1.86238,1.86287,1.00,1.00
2016.05.16 23:41:24.969,1.8624,1.86287,1.00,1.00
2016.05.16 23:41:25.610,1.8624,1.86286,1.00,1.00
2016.05.16 23:41:25.931,1.86243,1.86291,1.00,1.00
2016.05.16 23:41:26.207,1.86249,1.86296,1.00,1.50
2016.05.16 23:41:26.713,1.86248,1.86296,1.00,1.00
2016.05.16 23:41:27.615,1.86249,1.86296,1.00,1.50
2016.05.16 23:41:35.596,1.86253,1.863,1.00,1.00
2016.05.16 23:41:44.717,1.86251,1.86297,1.00,1.00
2016.05.16 23:41:46.506,1.86253,1.863,1.00,1.00
2016.05.16 23:41:47.907,1.86251,1.86297,1.00,1.00
2016.05.16 23:41:47.957,1.86248,1.86297,1.00,1.00
2016.05.16 23:41:48.590,1.86249,1.86296,1.00,1.00
2016.05.16 23:41:53.276,1.86249,1.8629,1.00,1.00
2016.05.16 23:41:53.326,1.86245,1.86287,1.00,1.00
2016.05.16 23:41:53.377,1.86238,1.86287,1.50,1.00
2016.05.16 23:41:53.428,1.86238,1.86277,1.00,1.00
2016.05.16 23:41:53.579,1.8623,1.86276,1.00,1.00
2016.05.16 23:41:54.173,1.8623,1.86277,1.00,1.00
2016.05.16 23:41:56.479,1.86229,1.86277,1.00,1.00
2016.05.16 23:41:56.981,1.86228,1.86277,1.00,1.00
2016.05.16 23:41:57.540,1.86229,1.86277,1.00,1.00
2016.05.16 23:41:58.965,1.86233,1.86282,1.00,1.00
2016.05.16 23:42:01.922,1.86229,1.86276,1.50,1.00
2016.05.16 23:42:05.356,1.8624,1.86282,1.00,1.00
2016.05.16 23:42:05.457,1.86238,1.86285,1.50,1.00
2016.05.16 23:42:05.558,1.86244,1.8629,1.00,1.00
2016.05.16 23:42:06.126,1.86239,1.86286,1.00,1.00
2016.05.16 23:42:10.668,1.86238,1.86287,1.00,1.00
2016.05.16 23:42:10.769,1.86243,1.86289,1.00,1.00
2016.05.16 23:42:11.494,1.86244,1.86289,1.00,1.00
2016.05.16 23:42:11.663,1.86248,1.86297,1.00,1.50
2016.05.16 23:42:12.211,1.86248,1.86296,1.00,1.00
2016.05.16 23:42:12.544,1.86244,1.86291,1.00,1.00
2016.05.16 23:42:13.355,1.86249,1.86296,1.00,1.50
2016.05.16 23:42:13.626,1.86239,1.86287,1.00,1.00
2016.05.16 23:42:13.676,1.86239,1.86284,1.00,1.00
2016.05.16 23:42:14.558,1.86239,1.86283,1.00,1.00
2016.05.16 23:42:14.783,1.86239,1.86287,1.00,1.00
2016.05.16 23:42:14.962,1.86243,1.86292,1.00,1.00
2016.05.16 23:42:23.414,1.86249,1.86294,1.00,1.50
2016.05.16 23:42:25.813,1.86244,1.86291,1.00,1.00
2016.05.16 23:42:33.270,1.86243,1.86288,1.00,1.00
2016.05.16 23:42:33.421,1.86238,1.86286,1.00,1.00
2016.05.16 23:42:33.622,1.86243,1.86292,1.00,1.00
2016.05.16 23:42:33.774,1.86244,1.86296,1.00,1.00
2016.05.16 23:42:34.623,1.86249,1.86296,1.00,1.00
2016.05.16 23:42:34.922,1.86243,1.86295,1.00,1.00
2016.05.16 23:42:35.418,1.86243,1.86297,1.00,2.25
2016.05.16 23:42:36.361,1.86243,1.86296,1.00,1.00
2016.05.16 23:42:37.926,1.86239,1.86291,1.00,1.00
2016.05.16 23:42:38.026,1.86243,1.86296,1.00,1.00
2016.05.16 23:42:48.554,1.86249,1.86296,1.00,1.50
2016.05.16 23:42:49.638,1.86243,1.86296,1.50,1.50
2016.05.16 23:42:50.045,1.86248,1.86296,1.00,1.00
2016.05.16 23:42:56.664,1.86248,1.86298,1.00,1.00
2016.05.16 23:42:56.816,1.86248,1.863,1.00,1.50
2016.05.16 23:42:57.145,1.86254,1.86299,1.00,1.00
2016.05.16 23:42:57.344,1.86249,1.86299,1.00,1.00
2016.05.16 23:42:57.854,1.86253,1.863,1.00,1.50
2016.05.16 23:42:58.429,1.86253,1.86299,1.00,1.50
2016.05.16 23:43:03.555,1.86248,1.86297,1.00,1.00
2016.05.16 23:43:10.256,1.86253,1.86298,1.00,1.00
2016.05.16 23:43:14.536,1.86253,1.863,1.00,3.00
2016.05.16 23:43:16.244,1.86253,1.86299,1.00,1.50
2016.05.16 23:43:22.568,1.86253,1.863,1.00,3.00
2016.05.16 23:43:24.549,1.86253,1.86299,1.00,1.00
2016.05.16 23:43:26.802,1.86253,1.86298,1.00,1.00
2016.05.16 23:43:30.072,1.86252,1.86296,1.00,1.00
2016.05.16 23:43:30.374,1.86238,1.86287,1.00,1.50
2016.05.16 23:43:30.475,1.86244,1.86285,1.00,1.00
2016.05.16 23:43:30.575,1.86238,1.86287,1.00,1.50
2016.05.16 23:43:31.107,1.86235,1.86282,1.00,1.50
2016.05.16 23:43:31.455,1.86234,1.86279,1.00,1.00
2016.05.16 23:43:31.774,1.86231,1.86276,1.00,1.00
2016.05.16 23:43:32.311,1.8623,1.86276,1.00,1.00
2016.05.16 23:43:33.503,1.86233,1.86281,1.00,1.00
2016.05.16 23:43:43.479,1.86233,1.86279,1.00,1.00
2016.05.16 23:43:45.091,1.86234,1.86279,1.00,1.00
2016.05.16 23:43:45.192,1.86229,1.86277,1.00,1.00
2016.05.16 23:43:45.434,1.86234,1.86276,1.00,1.00
2016.05.16 23:43:45.628,1.86234,1.86281,1.00,1.00
2016.05.16 23:43:45.830,1.86245,1.86281,1.00,1.00
2016.05.16 23:43:45.930,1.86253,1.863,1.00,1.00
2016.05.16 23:43:46.031,1.86253,1.86297,1.00,1.00
2016.05.16 23:43:46.132,1.86248,1.86296,1.00,1.00
2016.05.16 23:43:46.233,1.86248,1.86294,1.00,1.00
2016.05.16 23:43:46.535,1.86243,1.86283,1.00,1.00
2016.05.16 23:43:49.313,1.86243,1.86282,1.00,1.00
2016.05.16 23:43:50.022,1.86243,1.86283,1.00,1.00
2016.05.16 23:44:00.003,1.86244,1.86283,1.00,1.00
2016.05.16 23:44:00.116,1.86234,1.86283,1.00,1.00
2016.05.16 23:44:00.583,1.86228,1.86282,1.50,1.00
2016.05.16 23:44:01.429,1.86233,1.86283,1.00,1.00
2016.05.16 23:44:02.002,1.86228,1.86282,1.50,1.00
2016.05.16 23:44:04.320,1.86234,1.86283,1.00,1.00
2016.05.16 23:44:04.505,1.86229,1.86282,1.00,1.00
2016.05.16 23:44:10.559,1.86238,1.86283,1.00,1.00
2016.05.16 23:44:10.711,1.86234,1.86283,1.00,1.00
2016.05.16 23:44:11.112,1.86238,1.86283,1.00,1.00
2016.05.16 23:44:11.212,1.86233,1.86283,1.00,1.00
2016.05.16 23:44:12.113,1.86234,1.86283,1.00,1.00
2016.05.16 23:44:12.684,1.86233,1.86283,1.00,1.00
2016.05.16 23:44:14.716,1.86234,1.86283,1.00,1.00
2016.05.16 23:44:16.575,1.86234,1.86282,1.00,1.00
2016.05.16 23:44:17.631,1.86234,1.86283,1.00,1.50
2016.05.16 23:44:18.720,1.86233,1.86283,1.00,1.50
2016.05.16 23:44:19.631,1.86234,1.86283,1.00,1.50
2016.05.16 23:44:26.226,1.86238,1.86283,1.00,1.00
2016.05.16 23:44:26.478,1.86243,1.86289,1.00,1.00
2016.05.16 23:44:26.529,1.86248,1.86296,1.00,1.00
2016.05.16 23:44:26.580,1.86248,1.86292,1.00,1.00
2016.05.16 23:44:26.831,1.86238,1.86296,1.00,1.00
2016.05.16 23:44:26.933,1.86239,1.86281,1.00,1.00
2016.05.16 23:44:27.147,1.86234,1.86287,1.00,1.00
2016.05.16 23:44:27.198,1.86234,1.86291,1.00,1.50
2016.05.16 23:44:27.349,1.86238,1.86282,1.00,1.00
2016.05.16 23:44:27.551,1.86228,1.86277,1.50,1.00
2016.05.16 23:44:28.129,1.86229,1.86276,1.00,1.00
2016.05.16 23:44:28.180,1.86233,1.8628,1.00,1.50
2016.05.16 23:44:30.432,1.86228,1.86277,1.00,1.00
2016.05.16 23:44:32.493,1.86228,1.86276,1.00,1.00
2016.05.16 23:44:35.536,1.86233,1.86276,1.00,1.00
2016.05.16 23:44:35.932,1.86239,1.86276,1.00,1.00
2016.05.16 23:44:35.982,1.86234,1.86276,1.00,1.00
2016.05.16 23:44:36.773,1.86228,1.86276,1.00,1.00
2016.05.16 23:44:36.975,1.86234,1.86276,1.00,1.00
2016.05.16 23:44:37.126,1.86233,1.86281,1.00,1.00
2016.05.16 23:44:37.176,1.86238,1.86281,1.00,1.00
2016.05.16 23:44:37.417,1.86239,1.86288,1.00,1.00
2016.05.16 23:44:37.468,1.86243,1.86288,1.00,1.00
2016.05.16 23:44:38.003,1.86244,1.86289,1.00,1.00
2016.05.16 23:44:40.430,1.86244,1.86288,1.00,1.00
2016.05.16 23:44:40.955,1.86243,1.86288,1.00,1.00
2016.05.16 23:44:42.649,1.86243,1.86285,1.00,1.00
2016.05.16 23:44:51.251,1.86248,1.86285,1.00,1.00
2016.05.16 23:44:52.654,1.86243,1.86289,1.00,1.00
2016.05.16 23:45:02.631,1.86243,1.86287,1.00,1.00
2016.05.16 23:45:05.550,1.86244,1.86292,1.00,1.00
2016.05.16 23:45:05.600,1.86248,1.86292,1.00,1.00
2016.05.16 23:45:06.213,1.86254,1.86292,1.00,1.00
2016.05.16 23:45:06.576,1.86249,1.86296,1.00,1.00
2016.05.16 23:45:06.677,1.86253,1.86297,1.00,1.00
2016.05.16 23:45:09.268,1.86248,1.86297,1.00,1.00
2016.05.16 23:45:13.123,1.86249,1.86297,1.00,1.00
2016.05.16 23:45:16.563,1.86249,1.86293,1.00,1.00
2016.05.16 23:45:17.137,1.86254,1.86293,1.00,1.00
2016.05.16 23:45:23.143,1.86248,1.86293,1.00,1.00
2016.05.16 23:45:25.043,1.86248,1.86294,1.50,1.00
2016.05.16 23:45:25.616,1.86249,1.86294,1.00,1.00
2016.05.16 23:45:26.502,1.86249,1.86295,1.00,1.00
2016.05.16 23:45:33.069,1.86253,1.86295,1.00,1.00
2016.05.16 23:45:33.320,1.86249,1.86295,1.00,1.00
2016.05.16 23:45:36.526,1.86249,1.86298,1.00,1.00
2016.05.16 23:45:36.672,1.86254,1.86298,1.00,1.00
2016.05.16 23:45:41.428,1.86258,1.86298,1.00,1.00
2016.05.16 23:45:41.828,1.86253,1.86298,1.00,1.00
2016.05.16 23:45:46.542,1.86253,1.863,1.00,1.00
2016.05.16 23:45:46.882,1.86253,1.86307,1.00,2.25
2016.05.16 23:45:47.294,1.86253,1.86305,1.00,1.00
2016.05.16 23:45:49.068,1.86258,1.86307,1.00,1.00
2016.05.16 23:45:49.169,1.86253,1.86307,1.00,1.00
2016.05.16 23:45:56.666,1.86253,1.86301,1.00,1.00
2016.05.16 23:45:58.160,1.86249,1.86301,1.00,1.00
2016.05.16 23:46:04.198,1.86249,1.86299,1.00,1.00
2016.05.16 23:46:11.488,1.86251,1.86299,1.00,1.00
2016.05.16 23:46:12.529,1.86254,1.86299,1.00,1.00
2016.05.16 23:46:14.210,1.86254,1.86302,1.00,1.00
2016.05.16 23:46:17.860,1.86253,1.86302,1.00,1.00
2016.05.16 23:46:19.961,1.86259,1.86302,1.00,1.00
2016.05.16 23:46:23.365,1.86254,1.86302,1.00,1.00
2016.05.16 23:46:24.228,1.86254,1.86304,1.00,1.00
2016.05.16 23:46:32.208,1.86253,1.86304,1.00,1.00
2016.05.16 23:46:32.272,1.86252,1.86302,1.00,1.00
2016.05.16 23:46:32.962,1.86254,1.86304,1.00,1.00
2016.05.16 23:46:34.246,1.86254,1.86302,1.00,1.00
2016.05.16 23:46:34.297,1.86252,1.86302,1.00,1.50
2016.05.16 23:46:38.626,1.86253,1.86302,1.00,1.50
2016.05.16 23:46:39.228,1.8625,1.86302,1.00,1.50
2016.05.16 23:46:39.830,1.86248,1.86302,2.25,1.50
2016.05.16 23:46:40.556,1.86249,1.86302,1.00,1.50
2016.05.16 23:46:44.261,1.86249,1.86298,1.00,1.00
2016.05.16 23:46:47.042,1.86248,1.86298,1.50,1.00
2016.05.16 23:46:47.194,1.86245,1.86297,1.00,1.00
2016.05.16 23:46:47.294,1.86243,1.86297,1.00,1.00
2016.05.16 23:46:52.269,1.86248,1.86297,1.00,1.00
2016.05.16 23:46:52.319,1.86249,1.86299,1.00,1.00
2016.05.16 23:46:53.001,1.86248,1.86299,1.50,1.00
2016.05.16 23:46:56.155,1.8625,1.86299,1.00,1.00
2016.05.16 23:47:00.661,1.86252,1.86299,1.00,1.00
2016.05.16 23:47:01.112,1.86254,1.86299,1.00,1.00
2016.05.16 23:47:05.001,1.86253,1.86299,1.00,1.00
2016.05.16 23:47:05.253,1.86253,1.86305,1.00,1.00
2016.05.16 23:47:05.354,1.86257,1.86304,1.00,1.00
2016.05.16 23:47:05.454,1.86253,1.86305,1.50,1.00
2016.05.16 23:47:05.706,1.86258,1.86305,1.00,1.00
2016.05.16 23:47:11.555,1.86258,1.86304,1.00,1.00
2016.05.16 23:47:12.718,1.86258,1.86305,1.00,1.00
2016.05.16 23:47:13.922,1.86253,1.86305,1.00,1.00
2016.05.16 23:47:15.259,1.86254,1.86305,1.00,1.00
2016.05.16 23:47:19.314,1.86259,1.86305,1.00,1.00
2016.05.16 23:47:19.715,1.86254,1.86305,1.50,1.00
2016.05.16 23:47:22.657,1.86259,1.86305,1.00,1.00
2016.05.16 23:47:25.264,1.86259,1.86304,1.00,1.00
2016.05.16 23:47:26.020,1.86258,1.86304,1.00,1.00
2016.05.16 23:47:28.902,1.86259,1.86304,1.00,1.00
2016.05.16 23:47:29.053,1.86263,1.8631,1.00,1.00
2016.05.16 23:47:29.567,1.86263,1.86309,1.00,1.00
2016.05.16 23:47:29.870,1.86258,1.86309,1.00,1.00
2016.05.16 23:47:34.533,1.86257,1.86309,1.00,1.00
2016.05.16 23:47:34.985,1.86254,1.86308,1.00,1.00
2016.05.16 23:47:35.136,1.86252,1.86307,1.00,1.00
2016.05.16 23:47:37.015,1.86253,1.86307,1.00,1.00
2016.05.16 23:47:37.066,1.86264,1.86308,1.00,1.00
2016.05.16 23:47:37.116,1.86264,1.86313,1.00,1.00
2016.05.16 23:47:37.167,1.86268,1.86313,1.00,1.00
2016.05.16 23:47:37.318,1.86278,1.86324,1.00,2.25
2016.05.16 23:47:37.890,1.86278,1.86323,1.00,1.00
2016.05.16 23:47:38.511,1.86278,1.86324,1.00,1.00
2016.05.16 23:47:39.732,1.86278,1.86325,1.00,1.00
2016.05.16 23:47:46.967,1.86278,1.86326,1.00,1.00
2016.05.16 23:47:51.817,1.86278,1.86323,1.00,1.00
2016.05.16 23:48:01.675,1.86274,1.86322,1.00,1.00
2016.05.16 23:48:01.972,1.86264,1.86321,1.50,1.50
2016.05.16 23:48:02.173,1.86273,1.86321,1.00,1.00
2016.05.16 23:48:02.475,1.86278,1.86324,1.00,1.00
2016.05.16 23:48:03.251,1.86278,1.86323,1.00,1.00
2016.05.16 23:48:04.082,1.86273,1.86322,1.00,1.00
2016.05.16 23:48:05.580,1.86278,1.86325,1.00,1.50
2016.05.16 23:48:08.236,1.86278,1.8632,1.00,1.00
2016.05.16 23:48:09.697,1.86279,1.8632,1.00,1.00
2016.05.16 23:48:09.748,1.86279,1.86326,1.00,2.25
2016.05.16 23:48:09.799,1.86283,1.86326,1.00,1.00
2016.05.16 23:48:18.376,1.86278,1.86326,1.00,1.00
2016.05.16 23:48:18.476,1.86271,1.86326,1.50,1.00
2016.05.16 23:48:18.577,1.86268,1.86324,1.00,1.00
2016.05.16 23:48:18.678,1.86264,1.86323,1.00,1.00
2016.05.16 23:48:18.880,1.86259,1.86322,1.00,1.00
2016.05.16 23:48:18.981,1.86257,1.86321,1.00,1.00
2016.05.16 23:48:19.471,1.86258,1.86317,1.00,1.00
2016.05.16 23:48:20.621,1.86253,1.86305,1.00,1.00
2016.05.16 23:48:21.014,1.86251,1.86304,1.00,1.00
2016.05.16 23:48:22.084,1.86251,1.86305,1.00,1.00
2016.05.16 23:48:23.085,1.86248,1.86305,1.50,1.00
2016.05.16 23:48:23.837,1.86249,1.86304,1.00,1.00
2016.05.16 23:48:24.374,1.86248,1.86305,1.50,1.00
2016.05.16 23:48:26.623,1.86251,1.86307,1.00,1.00
2016.05.16 23:48:26.925,1.86253,1.86309,1.00,1.00
2016.05.16 23:48:27.607,1.86254,1.8631,1.00,1.50
2016.05.16 23:48:29.296,1.86254,1.86309,1.00,1.00
2016.05.16 23:48:29.905,1.86254,1.8631,1.00,1.00
2016.05.16 23:48:33.102,1.86254,1.86309,1.00,1.00
2016.05.16 23:48:34.796,1.8626,1.86309,1.00,1.00
2016.05.16 23:48:34.846,1.8626,1.86315,1.00,1.00
2016.05.16 23:48:34.998,1.86263,1.86314,1.00,1.00
2016.05.16 23:48:35.249,1.86268,1.8632,1.00,1.00
2016.05.16 23:48:35.414,1.86263,1.8632,2.25,1.00
2016.05.16 23:48:38.401,1.86264,1.8632,1.00,1.00
2016.05.16 23:48:38.951,1.86263,1.86319,1.50,1.00
2016.05.16 23:48:39.475,1.86264,1.86319,1.00,1.00
2016.05.16 23:48:40.290,1.86268,1.86319,1.00,1.00
2016.05.16 23:48:40.891,1.86273,1.86319,1.00,1.00
2016.05.16 23:48:41.031,1.86263,1.86322,1.50,1.00
2016.05.16 23:48:41.892,1.86268,1.86324,1.00,1.50
2016.05.16 23:48:43.412,1.86269,1.86324,1.00,1.00
2016.05.16 23:48:44.300,1.86268,1.86324,1.00,1.00
2016.05.16 23:48:45.035,1.86268,1.86323,1.00,1.00
2016.05.16 23:48:45.413,1.86263,1.86322,1.50,1.00
2016.05.16 23:48:45.948,1.86268,1.86324,1.00,1.00
2016.05.16 23:48:48.505,1.86273,1.86324,1.00,1.00
2016.05.16 23:48:51.037,1.86273,1.86325,1.00,1.00
2016.05.16 23:48:52.014,1.86268,1.86325,1.00,1.50
2016.05.16 23:48:52.669,1.86268,1.86323,1.00,1.00
2016.05.16 23:48:52.960,1.86268,1.86325,1.00,1.50
2016.05.16 23:48:53.508,1.86268,1.86324,1.00,1.00
2016.05.16 23:48:54.010,1.86278,1.86324,1.00,1.00
2016.05.16 23:48:54.060,1.86278,1.86328,1.00,1.00
2016.05.16 23:48:54.161,1.86278,1.8633,1.00,1.00
2016.05.16 23:48:54.425,1.86274,1.86331,1.00,1.00
2016.05.16 23:48:54.951,1.86273,1.86329,1.00,1.00
2016.05.16 23:48:55.328,1.86273,1.86327,1.00,1.00
2016.05.16 23:48:55.979,1.86273,1.86326,1.00,1.00
2016.05.16 23:48:56.256,1.86273,1.86328,1.00,1.00
2016.05.16 23:48:57.013,1.86268,1.86328,1.00,1.00
2016.05.16 23:48:57.614,1.86267,1.86327,1.00,1.00
2016.05.16 23:48:58.014,1.86273,1.86328,1.00,1.00
2016.05.16 23:48:58.115,1.86269,1.86328,1.00,1.00
2016.05.16 23:49:00.216,1.86268,1.86328,1.00,1.00
2016.05.16 23:49:03.475,1.86268,1.86329,1.00,1.00
2016.05.16 23:49:05.647,1.86274,1.86321,1.00,1.00
2016.05.16 23:49:17.727,1.86279,1.86325,1.00,1.00
2016.05.16 23:49:18.049,1.86282,1.86328,1.00,1.00
2016.05.16 23:49:29.244,1.86282,1.86327,1.00,1.00
2016.05.16 23:49:29.295,1.86275,1.86321,1.00,1.00
2016.05.16 23:49:29.345,1.86271,1.86316,1.00,1.00
2016.05.16 23:49:30.034,1.8627,1.86316,1.00,1.00
2016.05.16 23:49:33.185,1.86278,1.86316,1.00,1.00
2016.05.16 23:49:33.286,1.86279,1.8632,1.00,1.00
2016.05.16 23:49:33.575,1.86283,1.8632,1.00,1.00
2016.05.16 23:49:33.676,1.86274,1.8632,1.00,1.00
2016.05.16 23:49:33.726,1.86284,1.86325,1.00,1.50
2016.05.16 23:49:33.828,1.86293,1.86335,1.00,1.00
2016.05.16 23:49:33.879,1.8629,1.86331,1.00,1.00
2016.05.16 23:49:33.980,1.86293,1.86335,1.00,1.00
2016.05.16 23:49:34.081,1.8629,1.86335,1.00,1.00
2016.05.16 23:49:34.182,1.8629,1.86331,1.00,1.00
2016.05.16 23:49:34.548,1.86288,1.86329,1.00,1.00
2016.05.16 23:49:35.233,1.86288,1.86332,1.00,1.00
2016.05.16 23:49:35.384,1.86294,1.86333,1.00,1.00
2016.05.16 23:49:35.535,1.86293,1.86335,1.00,1.00
2016.05.16 23:49:36.082,1.86293,1.86336,1.00,1.00
2016.05.16 23:49:45.197,1.86298,1.86336,1.00,1.00
2016.05.16 23:49:45.349,1.86298,1.86339,1.00,1.00
2016.05.16 23:49:46.000,1.86293,1.86339,1.00,1.50
2016.05.16 23:49:59.380,1.86293,1.86338,1.00,1.00
2016.05.16 23:50:00.085,1.86298,1.86338,1.00,1.00
2016.05.16 23:50:07.297,1.86295,1.86338,1.00,1.00
2016.05.16 23:50:07.464,1.86293,1.86337,1.00,1.00
2016.05.16 23:50:08.390,1.86294,1.86337,1.00,1.00
2016.05.16 23:50:09.282,1.86291,1.86337,1.00,1.50
2016.05.16 23:50:09.398,1.86288,1.86333,1.50,1.00
2016.05.16 23:50:15.090,1.86285,1.86327,1.00,1.00
2016.05.16 23:50:15.141,1.86277,1.86323,1.00,1.00
2016.05.16 23:50:17.980,1.86282,1.86329,1.00,1.00
2016.05.16 23:50:18.232,1.86286,1.86332,1.00,1.00
2016.05.16 23:50:20.624,1.86286,1.86331,1.00,1.00
2016.05.16 23:50:21.425,1.86286,1.86332,1.00,1.00
2016.05.16 23:50:23.419,1.86286,1.86331,1.00,1.00
2016.05.16 23:50:26.234,1.86286,1.86332,1.00,1.00
2016.05.16 23:50:30.640,1.86286,1.86333,1.00,1.00
2016.05.16 23:50:57.424,1.86286,1.86332,1.00,1.00
2016.05.16 23:50:57.730,1.86275,1.8632,1.00,1.00
2016.05.16 23:50:58.152,1.86279,1.8632,1.00,1.00
2016.05.16 23:50:58.253,1.8628,1.86324,1.00,1.00
2016.05.16 23:50:58.304,1.86284,1.8633,1.00,1.00
2016.05.16 23:50:58.505,1.86281,1.86325,1.00,1.00
2016.05.16 23:51:32.258,1.86285,1.86331,1.00,2.25
2016.05.16 23:51:45.715,1.86288,1.86331,1.00,1.00
2016.05.16 23:51:45.765,1.86288,1.86335,1.50,1.00
2016.05.16 23:51:45.816,1.86294,1.86335,1.00,1.00
2016.05.16 23:51:45.917,1.86288,1.86335,1.50,1.00
2016.05.16 23:51:45.967,1.86293,1.86337,1.00,1.00
2016.05.16 23:51:47.423,1.86289,1.86335,1.00,1.00
2016.05.16 23:52:00.560,1.86285,1.86332,1.00,1.00
2016.05.16 23:52:03.684,1.86288,1.86335,1.00,1.00
2016.05.16 23:52:09.554,1.86299,1.86335,1.00,1.00
2016.05.16 23:52:09.605,1.86299,1.86338,1.00,1.00
2016.05.16 23:52:09.706,1.86299,1.86341,1.00,1.00
2016.05.16 23:52:10.371,1.86299,1.86344,1.00,1.50
2016.05.16 23:52:12.994,1.863,1.86344,1.00,1.00
2016.05.16 23:52:13.044,1.86309,1.86345,1.00,1.00
2016.05.16 23:52:13.095,1.86309,1.8635,1.00,1.00
2016.05.16 23:52:13.145,1.86313,1.86354,1.00,1.00
2016.05.16 23:52:13.957,1.86309,1.86354,1.00,1.00
2016.05.16 23:52:16.835,1.86309,1.86355,1.00,1.00
2016.05.16 23:52:18.157,1.86309,1.86352,1.00,1.00
2016.05.16 23:52:18.476,1.86314,1.86356,1.00,2.25
2016.05.16 23:52:18.826,1.86314,1.86352,1.00,1.00
2016.05.16 23:52:19.326,1.86314,1.86356,1.00,1.00
2016.05.16 23:52:23.431,1.86323,1.86356,1.00,1.00
2016.05.16 23:52:23.637,1.86323,1.86359,1.00,1.00
2016.05.16 23:52:23.746,1.86323,1.86363,1.00,1.00
2016.05.16 23:52:24.031,1.86321,1.86363,1.00,1.00
2016.05.16 23:52:24.132,1.86324,1.86363,1.00,1.00
2016.05.16 23:52:24.233,1.86318,1.86363,1.00,1.00
2016.05.16 23:52:24.334,1.86323,1.86363,1.00,1.00
2016.05.16 23:52:24.782,1.86324,1.86366,1.00,1.00
2016.05.16 23:52:25.532,1.86323,1.86367,1.00,1.50
2016.05.16 23:52:25.679,1.86328,1.86367,1.50,1.00
2016.05.16 23:52:25.784,1.86336,1.86379,1.00,1.00
2016.05.16 23:52:25.990,1.86341,1.86379,1.00,1.00
2016.05.16 23:52:26.040,1.86341,1.86385,1.00,1.00
2016.05.16 23:52:29.643,1.86354,1.86385,1.00,1.50
2016.05.16 23:52:29.830,1.86346,1.8639,1.00,1.00
2016.05.16 23:52:29.956,1.86344,1.8639,1.00,1.00
2016.05.16 23:52:30.057,1.86344,1.86386,1.00,1.00
2016.05.16 23:52:30.346,1.8634,1.86386,1.00,1.50
2016.05.16 23:52:36.345,1.8634,1.86382,1.00,1.00
2016.05.16 23:52:37.646,1.8634,1.86381,1.00,1.00
2016.05.16 23:52:37.746,1.8634,1.86386,1.00,1.00
2016.05.16 23:52:42.186,1.86343,1.86386,1.00,1.00
2016.05.16 23:52:42.502,1.86358,1.86403,1.00,1.00
2016.05.16 23:52:42.621,1.86359,1.86406,1.00,1.50
2016.05.16 23:52:42.672,1.86364,1.86406,1.00,1.00
2016.05.16 23:52:44.253,1.86363,1.86406,1.00,1.00
2016.05.16 23:52:54.759,1.86364,1.86408,1.00,1.00
2016.05.16 23:53:22.706,1.86368,1.86408,1.00,1.00
2016.05.16 23:53:26.089,1.86364,1.86408,1.00,1.00
2016.05.16 23:53:28.191,1.86368,1.86408,1.00,1.00
2016.05.16 23:53:28.241,1.8637,1.86413,1.00,1.00
2016.05.16 23:53:28.292,1.8637,1.86415,1.00,1.00
2016.05.16 23:53:28.395,1.86373,1.86415,1.00,1.00
2016.05.16 23:53:28.446,1.86374,1.8642,1.00,1.00
2016.05.16 23:53:28.547,1.8638,1.86422,1.00,1.00
2016.05.16 23:53:28.597,1.8638,1.86426,1.00,1.00
2016.05.16 23:53:30.421,1.86383,1.86426,1.00,1.00
2016.05.16 23:53:33.636,1.86385,1.86429,1.00,1.00
2016.05.16 23:53:34.116,1.86385,1.86427,1.00,1.00
2016.05.16 23:53:34.433,1.86369,1.8641,1.00,1.00
2016.05.16 23:53:34.534,1.86365,1.8641,1.00,1.00
2016.05.16 23:53:35.297,1.86365,1.86406,1.00,1.00
2016.05.16 23:53:36.025,1.8636,1.86405,1.00,1.00
2016.05.16 23:53:36.076,1.86359,1.86401,1.00,1.00
2016.05.16 23:53:42.640,1.86356,1.86401,1.00,1.00
2016.05.16 23:53:43.241,1.86358,1.86401,1.00,1.00
2016.05.16 23:53:43.342,1.8636,1.86406,1.00,1.00
2016.05.16 23:53:43.442,1.86364,1.86407,1.00,1.00
2016.05.16 23:53:48.010,1.86361,1.86405,1.00,1.00
2016.05.16 23:53:48.478,1.86359,1.86403,1.00,1.00
2016.05.16 23:53:48.635,1.86356,1.86401,1.00,1.00
2016.05.16 23:53:48.838,1.86352,1.86397,1.00,1.00
2016.05.16 23:53:48.889,1.86348,1.86395,1.50,1.00
2016.05.16 23:53:49.040,1.86358,1.86399,1.00,1.00
2016.05.16 23:53:49.097,1.86359,1.86404,1.00,1.00
2016.05.16 23:53:49.158,1.86362,1.86407,1.00,1.00
2016.05.16 23:53:49.682,1.86365,1.86411,1.00,1.00
2016.05.16 23:53:50.120,1.86369,1.86415,1.00,1.00
2016.05.16 23:53:52.087,1.86373,1.86419,1.00,1.00
2016.05.16 23:53:56.848,1.86377,1.86424,1.00,1.00
2016.05.16 23:53:58.660,1.86378,1.86424,1.00,1.00
2016.05.16 23:54:00.046,1.86377,1.86424,1.00,1.00
2016.05.16 23:54:01.027,1.86379,1.86424,1.00,1.00
2016.05.16 23:54:01.128,1.86377,1.86424,1.00,1.00
2016.05.16 23:54:01.229,1.86379,1.86424,1.00,1.00
2016.05.16 23:54:04.950,1.86377,1.86424,1.00,1.00
2016.05.16 23:54:05.001,1.86375,1.8642,1.00,1.00
2016.05.16 23:54:06.368,1.86379,1.86424,1.00,1.00
2016.05.16 23:54:06.469,1.86388,1.86434,1.00,1.00
2016.05.16 23:54:06.670,1.86391,1.86437,1.00,1.00
2016.05.16 23:54:07.521,1.86394,1.86441,1.00,1.00
2016.05.16 23:54:08.619,1.86397,1.86444,1.00,1.00
2016.05.16 23:54:09.727,1.86394,1.86441,1.00,1.00
2016.05.16 23:54:15.546,1.86399,1.86444,1.00,1.00
2016.05.16 23:54:15.798,1.86417,1.86463,1.00,1.00
2016.05.16 23:54:15.849,1.8642,1.86463,1.00,1.00
2016.05.16 23:54:16.159,1.86426,1.86473,1.00,1.00
2016.05.16 23:54:16.763,1.86424,1.86469,1.00,1.00
2016.05.16 23:54:17.046,1.86422,1.86469,1.00,1.00
2016.05.16 23:54:17.573,1.86424,1.86469,1.00,1.00
2016.05.16 23:54:17.673,1.86426,1.86472,1.00,1.00
2016.05.16 23:54:18.571,1.86422,1.86467,1.00,1.00
2016.05.16 23:54:19.108,1.86423,1.86467,1.00,1.00
2016.05.16 23:54:19.723,1.86424,1.86467,1.00,1.00
2016.05.16 23:54:23.751,1.86422,1.86467,1.00,1.00
2016.05.16 23:54:25.048,1.86423,1.86467,1.00,1.00
2016.05.16 23:54:40.666,1.86423,1.86465,1.00,1.00
2016.05.16 23:54:42.306,1.86418,1.86465,1.50,1.00
2016.05.16 23:54:51.376,1.86419,1.86465,1.00,1.00
2016.05.16 23:54:54.679,1.86418,1.86465,1.00,1.00
2016.05.16 23:54:55.325,1.86421,1.86468,1.00,1.00
2016.05.16 23:54:55.726,1.86423,1.86468,1.00,1.00
2016.05.16 23:54:56.581,1.86421,1.86468,1.00,1.00
2016.05.16 23:54:57.746,1.86428,1.86472,1.00,1.00
2016.05.16 23:54:57.797,1.86429,1.86474,1.00,1.00
2016.05.16 23:54:57.848,1.86434,1.86478,1.00,1.00
2016.05.16 23:55:00.286,1.86438,1.86483,1.00,1.00
2016.05.16 23:55:00.437,1.86441,1.86488,1.00,1.00
2016.05.16 23:55:00.488,1.86443,1.86488,1.00,1.00
2016.05.16 23:55:01.035,1.86441,1.86488,1.00,1.00
2016.05.16 23:55:02.156,1.86438,1.86484,1.50,1.00
2016.05.16 23:55:11.198,1.86444,1.86491,1.00,1.00
2016.05.16 23:55:17.825,1.86447,1.86494,1.00,1.00
2016.05.16 23:55:19.347,1.86447,1.86491,1.00,1.00
2016.05.16 23:55:19.448,1.86443,1.86489,1.00,1.00
2016.05.16 23:55:19.700,1.86441,1.86485,1.00,1.00
2016.05.16 23:55:20.049,1.86438,1.86482,1.00,1.00
2016.05.16 23:55:32.690,1.86438,1.86467,1.00,1.00
2016.05.16 23:55:32.741,1.86424,1.86467,1.00,1.00
2016.05.16 23:55:32.792,1.86424,1.86464,1.00,1.00
2016.05.16 23:55:32.842,1.86414,1.86461,1.00,1.00
2016.05.16 23:55:32.893,1.86411,1.86458,1.00,1.00
2016.05.16 23:55:33.195,1.86404,1.8645,1.00,1.00
2016.05.16 23:55:33.895,1.86403,1.8645,1.00,1.00
2016.05.16 23:55:41.845,1.86408,1.8645,1.00,1.00
2016.05.16 23:55:42.074,1.86408,1.86454,1.00,1.00
2016.05.16 23:55:42.839,1.86407,1.86454,1.00,1.00
2016.05.16 23:55:48.895,1.86404,1.8645,1.50,1.00
2016.05.16 23:55:50.403,1.86409,1.86455,1.00,1.00
2016.05.16 23:55:50.806,1.86404,1.86451,1.50,1.00
2016.05.16 23:55:50.983,1.86401,1.86446,1.00,1.00
2016.05.16 23:55:54.058,1.86409,1.86446,1.00,1.00
2016.05.16 23:55:54.109,1.86409,1.86455,1.50,1.00
2016.05.16 23:55:54.159,1.86423,1.8646,1.00,1.00
2016.05.16 23:55:54.725,1.86423,1.86464,1.00,1.00
2016.05.16 23:55:55.443,1.8642,1.86464,1.00,1.00
2016.05.16 23:55:55.844,1.86423,1.86464,1.00,1.00
2016.05.16 23:55:57.546,1.8642,1.86464,1.00,1.00
2016.05.16 23:55:59.948,1.86424,1.86464,1.00,1.00
2016.05.16 23:56:00.573,1.8642,1.86464,1.00,1.00
2016.05.16 23:56:02.051,1.86423,1.86464,1.00,1.00
2016.05.16 23:56:02.211,1.86423,1.86467,1.50,1.00
2016.05.16 23:56:04.354,1.86426,1.8647,1.00,1.00
2016.05.16 23:56:05.685,1.86426,1.86471,1.00,1.00
2016.05.16 23:56:06.756,1.86429,1.86471,1.00,1.00
2016.05.16 23:56:09.059,1.86428,1.86471,1.00,1.00
2016.05.16 23:56:13.564,1.86426,1.86471,1.00,1.50
2016.05.16 23:56:17.154,1.86425,1.86468,1.00,1.00
2016.05.16 23:56:18.221,1.86425,1.86471,1.50,1.00
2016.05.16 23:56:18.359,1.86429,1.86473,1.00,1.50
2016.05.16 23:56:19.045,1.86429,1.86471,1.00,1.00
2016.05.16 23:56:20.772,1.86429,1.86473,1.00,1.00
2016.05.16 23:56:21.552,1.86429,1.86472,1.00,1.00
2016.05.16 23:56:29.105,1.86431,1.86472,1.00,1.00
2016.05.16 23:56:30.581,1.86431,1.86477,1.00,1.50
2016.05.16 23:56:31.129,1.86431,1.86472,1.00,1.00
2016.05.16 23:56:31.231,1.86422,1.86467,1.00,1.00
2016.05.16 23:56:31.281,1.86422,1.86464,1.00,1.00
2016.05.16 23:56:31.382,1.86408,1.86455,1.50,1.00
2016.05.16 23:56:31.433,1.86413,1.86457,1.00,1.00
2016.05.16 23:56:32.385,1.86429,1.86457,1.00,1.00
2016.05.16 23:56:32.435,1.86431,1.86476,1.00,1.50
2016.05.16 23:56:32.486,1.86433,1.86477,1.00,1.00
2016.05.16 23:56:32.536,1.86437,1.86483,1.00,1.00
2016.05.16 23:56:32.587,1.86441,1.86486,1.00,1.00
2016.05.16 23:56:32.889,1.86457,1.86501,1.00,1.50
2016.05.16 23:56:33.234,1.86455,1.86501,1.00,1.00
