2012.02.10 09:00:00.006,1.57773,1.57832,1.50,1.50
2012.02.10 09:00:00.447,1.57771,1.5783,1.87,1.50
2012.02.10 09:00:03.603,1.57781,1.57836,1.12,2.26
2012.02.10 09:00:03.782,1.57788,1.57838,1.12,1.14
2012.02.10 09:00:03.910,1.57787,1.57837,2.25,1.50
2012.02.10 09:00:04.040,1.57787,1.57839,2.62,1.13
2012.02.10 09:00:04.299,1.57787,1.57839,1.50,1.13
2012.02.10 09:00:05.315,1.57789,1.57839,1.50,1.13
2012.02.10 09:00:06.056,1.57788,1.57839,3.00,1.13
2012.02.10 09:00:06.955,1.57791,1.57843,1.50,1.13
2012.02.10 09:00:07.668,1.57788,1.57839,1.87,1.13
2012.02.10 09:00:08.834,1.57787,1.57839,1.12,1.13
2012.02.10 09:00:08.956,1.57783,1.57831,1.50,1.13
2012.02.10 09:00:09.594,1.57762,1.57816,1.50,1.13
2012.02.10 09:00:11.405,1.57759,1.57816,3.00,1.13
2012.02.10 09:00:17.383,1.5776,1.57815,1.87,1.13
2012.02.10 09:00:17.924,1.5776,1.57815,1.87,1.13
2012.02.10 09:00:18.548,1.5776,1.57815,1.87,1.88
2012.02.10 09:00:20.932,1.57759,1.57815,1.12,1.13
2012.02.10 09:00:24.163,1.57757,1.57813,1.13,1.51
2012.02.10 09:00:26.648,1.57757,1.57812,1.88,1.51
2012.02.10 09:00:30.328,1.57757,1.57813,1.13,1.51
2012.02.10 09:00:31.075,1.57756,1.57811,1.12,1.50
2012.02.10 09:00:31.198,1.57757,1.57809,1.13,1.51
2012.02.10 09:00:31.489,1.57757,1.57814,1.13,1.89
2012.02.10 09:00:31.548,1.57757,1.57814,1.13,1.89
2012.02.10 09:00:32.237,1.57756,1.57813,1.13,1.51
2012.02.10 09:00:32.399,1.57757,1.57814,1.13,1.89
2012.02.10 09:00:33.334,1.57756,1.57813,1.13,1.51
2012.02.10 09:00:33.879,1.57757,1.57813,1.13,1.51
2012.02.10 09:00:34.878,1.57757,1.57815,1.13,3.01
2012.02.10 09:00:35.059,1.57758,1.57815,1.50,3.00
2012.02.10 09:00:35.667,1.57758,1.57815,1.50,3.75
2012.02.10 09:00:35.737,1.57758,1.57815,1.50,1.13
2012.02.10 09:00:36.259,1.57758,1.57815,1.50,1.13
2012.02.10 09:00:36.328,1.57758,1.57815,1.50,1.13
2012.02.10 09:00:36.448,1.57758,1.57815,1.50,1.13
2012.02.10 09:00:38.304,1.5776,1.57815,1.13,1.13
2012.02.10 09:00:38.673,1.57767,1.57815,1.13,1.13
2012.02.10 09:00:39.229,1.57767,1.57815,1.13,1.13
2012.02.10 09:00:39.330,1.57767,1.57815,1.13,1.13
2012.02.10 09:00:40.155,1.57773,1.5783,3.75,1.50
2012.02.10 09:00:40.283,1.57791,1.57847,1.13,1.13
2012.02.10 09:00:40.897,1.5779,1.57847,1.50,1.13
2012.02.10 09:00:41.258,1.57787,1.57845,1.87,1.51
2012.02.10 09:00:41.911,1.57787,1.57844,1.87,1.51
2012.02.10 09:00:42.817,1.57787,1.57843,1.87,1.13
2012.02.10 09:00:43.700,1.57787,1.57845,1.12,1.89
2012.02.10 09:00:44.222,1.57787,1.5784,1.87,1.51
2012.02.10 09:00:44.421,1.57788,1.57842,1.50,1.51
2012.02.10 09:00:44.622,1.57788,1.57844,1.50,1.51
2012.02.10 09:00:49.232,1.57787,1.57845,1.87,1.51
2012.02.10 09:00:50.223,1.57787,1.57844,1.87,1.51
2012.02.10 09:00:50.722,1.57787,1.57844,1.12,1.51
2012.02.10 09:00:50.987,1.57788,1.57842,1.50,1.50
2012.02.10 09:00:51.168,1.57787,1.57839,1.12,1.50
2012.02.10 09:00:51.532,1.57782,1.57834,1.50,1.50
2012.02.10 09:00:52.942,1.57781,1.57838,2.62,1.50
2012.02.10 09:00:53.008,1.57781,1.57838,1.87,1.50
2012.02.10 09:00:53.262,1.57781,1.57835,1.50,1.51
2012.02.10 09:00:53.509,1.5778,1.5783,1.50,1.50
2012.02.10 09:00:53.699,1.57777,1.57828,1.50,1.50
2012.02.10 09:00:54.365,1.57776,1.57829,1.50,1.50
2012.02.10 09:00:54.682,1.5778,1.5783,1.50,1.51
2012.02.10 09:00:55.527,1.5778,1.57835,1.50,1.89
2012.02.10 09:00:56.735,1.57775,1.57828,1.50,1.13
2012.02.10 09:00:56.920,1.57775,1.5783,1.50,1.51
2012.02.10 09:00:57.229,1.57775,1.5783,1.50,1.50
2012.02.10 09:00:57.647,1.57777,1.57833,1.50,1.50
2012.02.10 09:00:58.010,1.57774,1.57824,2.25,1.13
2012.02.10 09:00:58.532,1.57773,1.57824,1.87,1.13
2012.02.10 09:00:59.261,1.57773,1.57824,1.87,1.13
2012.02.10 09:00:59.811,1.57776,1.57828,1.50,1.13
2012.02.10 09:00:59.999,1.57775,1.57833,1.50,1.50
2012.02.10 09:01:00.447,1.57781,1.57834,1.13,1.50
2012.02.10 09:01:01.919,1.57781,1.57834,1.13,1.50
2012.02.10 09:01:03.352,1.57788,1.57841,2.62,1.50
2012.02.10 09:01:04.167,1.57788,1.57839,1.87,1.50
2012.02.10 09:01:04.233,1.57784,1.57841,1.50,1.50
2012.02.10 09:01:04.867,1.57783,1.57838,1.50,1.50
2012.02.10 09:01:05.458,1.57782,1.57833,1.50,1.50
2012.02.10 09:01:05.687,1.5778,1.57829,2.25,1.50
2012.02.10 09:01:07.302,1.57781,1.57833,1.50,1.50
2012.02.10 09:01:07.972,1.57777,1.57828,1.50,1.13
2012.02.10 09:01:08.991,1.57774,1.57828,2.62,1.13
2012.02.10 09:01:10.436,1.57774,1.57824,1.12,1.13
2012.02.10 09:01:10.718,1.57774,1.57829,1.87,1.51
2012.02.10 09:01:11.719,1.57773,1.5783,3.00,1.50
2012.02.10 09:01:11.830,1.5778,1.57836,1.50,1.13
2012.02.10 09:01:12.297,1.5778,1.57836,1.50,1.13
2012.02.10 09:01:12.671,1.57781,1.57838,1.50,2.25
2012.02.10 09:01:20.287,1.57782,1.57833,1.50,1.50
2012.02.10 09:01:21.533,1.57782,1.57833,1.50,1.50
2012.02.10 09:01:25.187,1.57783,1.57838,1.50,1.50
2012.02.10 09:01:26.292,1.57778,1.57834,1.50,2.26
2012.02.10 09:01:27.323,1.57777,1.57828,1.50,1.50
2012.02.10 09:01:27.991,1.57777,1.57828,1.50,1.50
2012.02.10 09:01:28.887,1.57777,1.57828,1.50,1.50
2012.02.10 09:01:29.434,1.57777,1.57828,1.50,1.50
2012.02.10 09:01:30.740,1.57776,1.57829,1.50,2.26
2012.02.10 09:01:32.131,1.57778,1.57829,1.50,1.51
2012.02.10 09:01:35.197,1.57776,1.57829,1.50,1.50
2012.02.10 09:01:35.928,1.57775,1.57829,1.09,1.50
2012.02.10 09:01:42.986,1.57774,1.57828,1.87,1.09
2012.02.10 09:01:43.169,1.57781,1.57828,1.87,1.09
2012.02.10 09:01:43.478,1.57783,1.57833,2.59,1.50
2012.02.10 09:01:44.030,1.57783,1.57837,1.50,1.09
2012.02.10 09:01:45.052,1.57787,1.57838,1.09,1.50
2012.02.10 09:01:47.813,1.57789,1.57843,1.09,1.50
2012.02.10 09:01:47.884,1.57788,1.57842,1.13,1.09
2012.02.10 09:01:48.010,1.57786,1.5784,1.87,1.09
2012.02.10 09:01:54.581,1.57788,1.57842,1.13,1.09
2012.02.10 09:01:54.901,1.57791,1.57844,1.47,1.50
2012.02.10 09:01:55.478,1.57791,1.57844,1.47,1.50
2012.02.10 09:01:56.506,1.57795,1.57849,1.13,2.22
2012.02.10 09:01:56.569,1.57792,1.57847,1.12,1.13
2012.02.10 09:01:56.890,1.57795,1.57848,1.13,1.47
2012.02.10 09:01:57.312,1.57792,1.57847,1.87,1.13
2012.02.10 09:01:59.627,1.57795,1.57848,1.13,1.47
2012.02.10 09:02:00.909,1.57791,1.57847,1.50,1.47
2012.02.10 09:02:05.840,1.57791,1.57848,1.50,1.47
2012.02.10 09:02:06.330,1.57789,1.57847,1.13,1.47
2012.02.10 09:02:06.643,1.57789,1.57845,1.13,1.50
2012.02.10 09:02:10.282,1.57789,1.57847,1.13,1.47
2012.02.10 09:02:10.523,1.57789,1.57845,1.13,1.50
2012.02.10 09:02:11.391,1.57789,1.57847,1.13,1.47
2012.02.10 09:02:14.007,1.57789,1.57845,1.13,1.50
2012.02.10 09:02:16.391,1.57789,1.57847,1.13,1.47
2012.02.10 09:02:16.522,1.57789,1.57846,1.13,1.50
2012.02.10 09:02:18.480,1.57789,1.57844,1.13,1.50
2012.02.10 09:02:18.550,1.57787,1.57836,1.13,1.14
2012.02.10 09:02:18.741,1.57783,1.57829,1.50,1.13
2012.02.10 09:02:19.052,1.57768,1.57826,1.12,1.13
2012.02.10 09:02:19.669,1.57768,1.57823,1.12,1.51
2012.02.10 09:02:19.745,1.57771,1.57824,1.50,1.85
2012.02.10 09:02:19.868,1.57768,1.57824,1.13,1.85
2012.02.10 09:02:19.930,1.57766,1.57822,1.50,1.50
2012.02.10 09:02:20.260,1.57769,1.57823,1.09,1.50
2012.02.10 09:02:20.841,1.57769,1.57823,1.50,1.51
2012.02.10 09:02:22.020,1.57768,1.57823,1.13,1.50
2012.02.10 09:02:22.932,1.57768,1.57823,1.13,1.51
2012.02.10 09:02:23.821,1.57768,1.57825,1.13,1.10
2012.02.10 09:02:24.447,1.57767,1.57821,1.88,1.50
2012.02.10 09:02:24.651,1.57768,1.57823,1.13,1.51
2012.02.10 09:02:25.172,1.57767,1.57821,1.13,1.50
2012.02.10 09:02:25.470,1.57768,1.57824,1.13,1.51
2012.02.10 09:02:26.453,1.57769,1.57825,2.25,1.09
2012.02.10 09:02:27.139,1.57769,1.57825,1.50,1.09
2012.02.10 09:02:31.894,1.57769,1.57825,1.50,1.09
2012.02.10 09:02:32.137,1.57769,1.57825,1.50,1.10
2012.02.10 09:02:32.842,1.57772,1.57826,1.09,1.13
2012.02.10 09:02:33.114,1.57772,1.57823,1.09,1.50
2012.02.10 09:02:35.386,1.57779,1.57826,2.25,1.13
2012.02.10 09:02:35.472,1.57779,1.57827,1.50,1.13
2012.02.10 09:02:35.973,1.57779,1.57827,1.50,1.13
2012.02.10 09:02:36.044,1.57781,1.57832,1.50,1.09
2012.02.10 09:02:36.951,1.57777,1.57828,1.50,1.13
2012.02.10 09:02:37.028,1.57777,1.57828,1.50,1.13
2012.02.10 09:02:39.757,1.57778,1.57828,2.59,1.47
2012.02.10 09:02:40.657,1.57778,1.57825,2.59,1.09
2012.02.10 09:02:42.182,1.57773,1.57823,2.21,1.84
2012.02.10 09:02:42.493,1.57787,1.57829,1.13,2.22
2012.02.10 09:02:42.831,1.57789,1.57829,1.84,1.13
2012.02.10 09:02:43.852,1.57788,1.57831,1.50,1.13
2012.02.10 09:02:43.925,1.57782,1.57831,1.09,1.13
2012.02.10 09:02:49.409,1.57779,1.57828,1.50,1.13
2012.02.10 09:02:50.038,1.57778,1.57828,1.50,1.13
2012.02.10 09:02:51.272,1.57778,1.57829,1.50,1.13
2012.02.10 09:02:52.373,1.57778,1.57829,1.50,1.13
2012.02.10 09:02:52.984,1.57778,1.57829,1.50,1.13
2012.02.10 09:02:53.775,1.57779,1.57828,1.50,1.13
2012.02.10 09:02:54.402,1.5778,1.57828,1.12,1.13
2012.02.10 09:02:54.528,1.57781,1.57833,1.88,1.09
2012.02.10 09:02:55.016,1.57784,1.57833,1.50,1.09
2012.02.10 09:02:56.043,1.57785,1.57835,1.50,1.50
2012.02.10 09:02:56.804,1.57785,1.57838,1.50,1.50
2012.02.10 09:02:59.149,1.57783,1.57833,1.50,1.50
2012.02.10 09:02:59.700,1.57785,1.57839,1.50,1.50
2012.02.10 09:03:01.890,1.57785,1.57842,1.50,1.47
2012.02.10 09:03:03.458,1.57787,1.5784,1.09,1.50
2012.02.10 09:03:03.531,1.57792,1.57839,1.50,1.50
2012.02.10 09:03:03.606,1.57782,1.57834,1.50,1.51
2012.02.10 09:03:03.911,1.5779,1.57841,1.13,1.51
2012.02.10 09:03:04.229,1.57795,1.57845,1.50,1.13
2012.02.10 09:03:06.303,1.57796,1.57848,1.50,1.13
2012.02.10 09:03:06.860,1.57795,1.57848,1.50,1.13
2012.02.10 09:03:07.902,1.57796,1.57848,1.13,1.13
2012.02.10 09:03:08.099,1.57804,1.57849,1.50,1.47
2012.02.10 09:03:08.735,1.57799,1.57849,1.12,1.50
2012.02.10 09:03:09.099,1.57795,1.57849,1.50,1.50
2012.02.10 09:03:09.160,1.57796,1.57849,1.13,1.50
2012.02.10 09:03:09.469,1.57803,1.57849,1.50,1.13
2012.02.10 09:03:10.078,1.57803,1.57849,1.50,1.13
2012.02.10 09:03:12.479,1.57803,1.57852,1.50,1.50
2012.02.10 09:03:13.212,1.57803,1.57851,1.50,1.50
2012.02.10 09:03:14.384,1.57803,1.5785,1.50,1.13
2012.02.10 09:03:14.567,1.57794,1.57849,1.84,1.13
2012.02.10 09:03:19.657,1.57795,1.5785,1.50,1.85
2012.02.10 09:03:19.927,1.57795,1.57849,1.50,1.50
2012.02.10 09:03:19.997,1.57796,1.57849,1.50,1.50
2012.02.10 09:03:20.812,1.57795,1.57849,1.50,1.13
2012.02.10 09:03:26.153,1.57794,1.57849,2.59,1.89
2012.02.10 09:03:26.920,1.57794,1.57849,1.47,1.88
2012.02.10 09:03:27.047,1.57796,1.57849,1.50,1.88
2012.02.10 09:03:27.612,1.57798,1.57849,1.50,2.25
2012.02.10 09:03:28.239,1.57798,1.57849,3.34,2.25
2012.02.10 09:03:28.803,1.57802,1.57849,1.09,1.50
2012.02.10 09:03:29.339,1.57799,1.57849,1.09,1.88
2012.02.10 09:03:30.800,1.57799,1.57848,1.47,1.13
2012.02.10 09:03:30.948,1.57799,1.57848,1.47,1.13
2012.02.10 09:03:31.811,1.57799,1.57848,1.46,2.22
2012.02.10 09:03:37.097,1.57797,1.57848,1.13,1.47
2012.02.10 09:03:37.168,1.57793,1.57848,2.25,1.09
2012.02.10 09:03:38.817,1.57794,1.57849,1.50,1.09
2012.02.10 09:03:39.337,1.57801,1.57851,1.09,1.50
2012.02.10 09:03:41.216,1.57801,1.5785,1.09,1.50
2012.02.10 09:03:41.774,1.57804,1.5785,1.50,1.13
2012.02.10 09:03:42.320,1.57808,1.57853,1.50,1.09
2012.02.10 09:03:43.373,1.57804,1.57853,1.50,1.09
2012.02.10 09:03:45.478,1.57803,1.57853,1.87,1.84
2012.02.10 09:03:46.283,1.57804,1.57854,1.50,1.09
2012.02.10 09:03:46.627,1.57808,1.57854,1.50,1.50
2012.02.10 09:03:47.409,1.57809,1.57859,1.50,1.50
2012.02.10 09:03:47.485,1.57812,1.57863,2.97,1.88
2012.02.10 09:03:48.319,1.57818,1.57863,1.50,1.13
2012.02.10 09:03:48.463,1.57813,1.57859,1.12,1.50
2012.02.10 09:03:49.193,1.57807,1.57858,1.50,1.50
2012.02.10 09:03:49.868,1.57805,1.57859,1.50,1.50
2012.02.10 09:03:50.502,1.57806,1.57859,2.25,1.50
2012.02.10 09:03:51.002,1.57811,1.57864,1.13,1.51
2012.02.10 09:03:51.680,1.57806,1.57859,1.50,1.50
2012.02.10 09:03:52.276,1.57814,1.57862,1.12,1.51
2012.02.10 09:03:52.357,1.57816,1.57866,1.12,1.09
2012.02.10 09:03:52.481,1.57815,1.57866,1.12,1.09
2012.02.10 09:03:53.182,1.57812,1.57866,1.13,1.09
2012.02.10 09:03:53.292,1.5781,1.57866,1.50,1.09
2012.02.10 09:03:57.582,1.57808,1.57863,1.87,1.51
2012.02.10 09:03:57.653,1.57808,1.57863,1.87,1.51
2012.02.10 09:04:08.208,1.57811,1.57863,1.13,1.14
2012.02.10 09:04:10.409,1.57809,1.57862,1.50,1.51
2012.02.10 09:04:12.920,1.57811,1.57863,1.13,1.14
2012.02.10 09:04:13.049,1.57809,1.57863,1.13,1.89
2012.02.10 09:04:13.118,1.57811,1.57863,1.13,1.14
2012.02.10 09:04:13.908,1.57811,1.57863,1.13,1.14
2012.02.10 09:04:15.003,1.57815,1.57863,1.13,1.14
2012.02.10 09:04:15.127,1.57812,1.57864,1.13,1.50
2012.02.10 09:04:15.787,1.57811,1.57864,1.84,1.50
2012.02.10 09:04:15.854,1.57816,1.57868,1.09,1.51
2012.02.10 09:04:16.039,1.57816,1.57871,1.09,1.50
2012.02.10 09:04:18.751,1.57816,1.57863,1.09,1.13
2012.02.10 09:04:18.939,1.57815,1.57863,1.50,2.26
2012.02.10 09:04:19.340,1.57815,1.57867,1.87,1.50
2012.02.10 09:04:19.470,1.57813,1.57866,1.12,1.51
2012.02.10 09:04:20.150,1.57815,1.57867,1.13,1.51
2012.02.10 09:04:20.290,1.57813,1.57866,1.12,1.51
2012.02.10 09:04:20.418,1.57815,1.57867,1.13,1.51
2012.02.10 09:04:20.490,1.57813,1.57866,1.12,1.51
2012.02.10 09:04:20.741,1.57817,1.57868,1.50,1.50
2012.02.10 09:04:20.944,1.57817,1.57873,1.50,1.47
2012.02.10 09:04:21.299,1.57816,1.5787,1.50,3.01
2012.02.10 09:04:21.904,1.57818,1.5787,1.50,2.26
2012.02.10 09:04:22.086,1.57817,1.5787,1.84,3.01
2012.02.10 09:04:22.372,1.57818,1.5787,1.50,2.26
2012.02.10 09:04:23.857,1.57817,1.5787,1.84,2.25
2012.02.10 09:04:24.665,1.57817,1.5787,1.84,1.50
2012.02.10 09:04:24.733,1.57817,1.5787,1.09,1.89
2012.02.10 09:04:24.840,1.57818,1.5787,1.50,1.14
2012.02.10 09:04:25.786,1.57817,1.5787,1.84,1.13
2012.02.10 09:04:26.020,1.57817,1.57868,1.09,1.51
2012.02.10 09:04:26.811,1.57816,1.57866,1.50,1.85
2012.02.10 09:04:32.679,1.57815,1.57866,1.12,2.60
2012.02.10 09:04:32.958,1.57815,1.57866,1.87,1.09
2012.02.10 09:04:33.149,1.57815,1.57866,1.12,1.85
2012.02.10 09:04:34.530,1.57815,1.57867,1.87,1.85
2012.02.10 09:04:34.718,1.57815,1.57866,1.12,1.84
2012.02.10 09:04:36.767,1.57818,1.5787,1.50,1.14
2012.02.10 09:04:37.278,1.57817,1.57868,1.50,1.50
2012.02.10 09:04:37.467,1.57817,1.57874,1.50,1.89
2012.02.10 09:04:37.526,1.57818,1.57873,1.50,1.13
2012.02.10 09:04:37.770,1.57825,1.57875,1.50,1.13
2012.02.10 09:04:39.498,1.57824,1.57874,1.50,1.13
2012.02.10 09:04:39.629,1.57821,1.57874,1.50,1.88
2012.02.10 09:04:39.940,1.57818,1.57874,1.50,1.13
2012.02.10 09:04:40.316,1.57816,1.57873,1.87,1.51
2012.02.10 09:04:40.679,1.57816,1.57874,1.87,1.89
2012.02.10 09:04:41.795,1.57816,1.57873,1.87,1.51
2012.02.10 09:04:41.861,1.57816,1.57874,1.87,1.89
2012.02.10 09:04:42.456,1.57817,1.57874,1.50,1.89
2012.02.10 09:04:43.281,1.57816,1.57874,1.50,1.89
2012.02.10 09:04:46.126,1.57817,1.57874,1.50,1.89
2012.02.10 09:04:46.674,1.57815,1.57874,1.50,1.89
2012.02.10 09:04:48.059,1.57816,1.57874,1.50,1.89
2012.02.10 09:04:52.311,1.57815,1.57874,1.50,1.89
2012.02.10 09:04:52.854,1.57815,1.57873,1.50,1.51
2012.02.10 09:04:53.419,1.57814,1.57872,1.12,1.51
2012.02.10 09:04:53.935,1.57814,1.57873,1.12,1.51
2012.02.10 09:04:56.741,1.57816,1.57871,1.87,1.50
2012.02.10 09:04:56.926,1.57816,1.57872,1.13,1.50
2012.02.10 09:04:57.916,1.57815,1.57873,2.25,1.14
2012.02.10 09:04:58.224,1.57815,1.57872,2.25,1.50
2012.02.10 09:04:58.531,1.57822,1.57873,1.13,1.14
2012.02.10 09:04:58.716,1.57822,1.57878,1.50,1.85
2012.02.10 09:04:58.776,1.57822,1.57878,1.50,1.84
2012.02.10 09:04:58.898,1.57823,1.57878,1.50,1.84
2012.02.10 09:04:58.967,1.57824,1.57878,1.87,1.84
2012.02.10 09:04:59.942,1.57828,1.57883,1.87,1.50
2012.02.10 09:05:00.025,1.57832,1.57884,1.50,2.25
2012.02.10 09:05:01.589,1.57834,1.57884,1.50,2.26
2012.02.10 09:05:02.352,1.57833,1.57884,1.50,2.25
2012.02.10 09:05:04.537,1.57834,1.57884,1.50,2.25
2012.02.10 09:05:05.938,1.57833,1.57884,1.50,2.25
2012.02.10 09:05:06.321,1.57833,1.57884,1.50,1.50
2012.02.10 09:05:06.512,1.57832,1.57883,1.50,1.51
2012.02.10 09:05:07.178,1.57829,1.57883,1.87,1.51
2012.02.10 09:05:07.855,1.57831,1.57885,1.87,2.64
2012.02.10 09:05:08.163,1.57835,1.57887,1.50,1.50
2012.02.10 09:05:08.288,1.57839,1.57887,1.50,1.50
2012.02.10 09:05:08.479,1.57839,1.57888,1.50,1.50
2012.02.10 09:05:08.546,1.57839,1.57886,1.50,1.50
2012.02.10 09:05:09.077,1.57836,1.57886,1.12,1.50
2012.02.10 09:05:09.339,1.57836,1.57886,1.87,1.50
2012.02.10 09:05:09.889,1.57839,1.57886,1.50,1.50
2012.02.10 09:05:10.266,1.57836,1.57887,1.13,1.50
2012.02.10 09:05:10.389,1.57835,1.57887,1.12,1.50
2012.02.10 09:05:13.287,1.57836,1.57889,1.13,1.50
2012.02.10 09:05:13.675,1.57836,1.57886,1.12,1.50
2012.02.10 09:05:13.959,1.57836,1.57889,1.87,1.50
2012.02.10 09:05:14.207,1.57836,1.57886,1.12,1.50
2012.02.10 09:05:18.388,1.57832,1.57884,1.13,1.50
2012.02.10 09:05:18.937,1.57836,1.57889,1.87,1.50
2012.02.10 09:05:19.429,1.57838,1.57886,1.50,1.50
2012.02.10 09:05:20.202,1.57836,1.57885,1.87,1.51
2012.02.10 09:05:20.265,1.57831,1.57882,1.50,1.09
2012.02.10 09:05:20.469,1.57832,1.57883,1.13,1.09
2012.02.10 09:05:21.397,1.57836,1.57886,1.13,1.47
2012.02.10 09:05:22.343,1.57832,1.57883,1.13,1.09
2012.02.10 09:05:26.706,1.5783,1.57882,1.50,1.09
2012.02.10 09:05:29.977,1.57827,1.57878,1.50,1.50
2012.02.10 09:05:30.772,1.57827,1.57874,1.50,1.14
2012.02.10 09:05:31.077,1.57827,1.57882,2.25,1.84
2012.02.10 09:05:31.392,1.57831,1.57882,1.13,1.09
2012.02.10 09:05:31.640,1.57835,1.57882,1.13,1.09
2012.02.10 09:05:32.131,1.57835,1.57882,1.13,1.85
2012.02.10 09:05:32.909,1.57831,1.57882,1.13,1.51
2012.02.10 09:05:32.986,1.57835,1.57884,1.12,1.47
2012.02.10 09:05:33.110,1.57835,1.57879,1.12,1.50
2012.02.10 09:05:33.242,1.57831,1.57879,1.12,1.50
2012.02.10 09:05:33.689,1.57831,1.57884,1.87,1.47
2012.02.10 09:05:33.756,1.57831,1.57884,1.12,1.47
2012.02.10 09:05:34.525,1.57829,1.57879,1.50,1.50
2012.02.10 09:05:35.363,1.57827,1.57879,1.50,1.51
2012.02.10 09:05:42.923,1.57821,1.57874,2.25,1.51
2012.02.10 09:05:43.466,1.57821,1.57874,2.25,1.89
2012.02.10 09:05:44.399,1.57821,1.57873,1.50,1.13
2012.02.10 09:05:45.186,1.57821,1.57874,1.50,1.85
2012.02.10 09:05:45.273,1.57816,1.57862,1.13,2.22
2012.02.10 09:05:45.344,1.57816,1.57862,1.13,2.22
2012.02.10 09:05:45.411,1.57816,1.57862,1.13,2.22
2012.02.10 09:05:47.033,1.57813,1.57862,1.47,1.84
2012.02.10 09:05:47.114,1.57813,1.57867,1.13,1.51
2012.02.10 09:05:48.310,1.57813,1.57867,1.87,1.51
2012.02.10 09:05:49.315,1.57814,1.57868,1.50,2.25
2012.02.10 09:05:49.392,1.57815,1.57866,1.50,1.09
2012.02.10 09:05:49.718,1.57813,1.57866,1.13,1.10
2012.02.10 09:05:49.787,1.57813,1.57866,1.13,1.10
2012.02.10 09:05:49.910,1.57814,1.57867,1.09,1.51
2012.02.10 09:05:51.231,1.57812,1.57866,1.47,2.26
2012.02.10 09:05:51.825,1.57814,1.57867,1.09,1.51
2012.02.10 09:05:55.759,1.57814,1.57867,1.09,1.51
2012.02.10 09:05:56.835,1.57814,1.57867,1.09,1.51
2012.02.10 09:05:58.676,1.57814,1.57867,1.09,1.51
2012.02.10 09:05:59.190,1.57814,1.57867,1.09,1.51
2012.02.10 09:06:01.550,1.57815,1.57867,1.13,1.51
2012.02.10 09:06:02.322,1.57813,1.57867,1.87,1.51
2012.02.10 09:06:05.946,1.57814,1.57867,1.50,1.51
2012.02.10 09:06:06.625,1.57813,1.57867,1.87,1.51
2012.02.10 09:06:07.126,1.57814,1.57867,1.50,1.51
2012.02.10 09:06:08.447,1.57814,1.57866,1.50,1.51
2012.02.10 09:06:08.831,1.57814,1.57866,1.50,1.51
2012.02.10 09:06:09.348,1.57814,1.57866,1.50,1.51
2012.02.10 09:06:09.634,1.57814,1.57866,1.50,1.51
2012.02.10 09:06:09.760,1.57813,1.57866,1.13,1.89
2012.02.10 09:06:10.425,1.57813,1.57861,1.13,1.50
2012.02.10 09:06:11.070,1.57813,1.57856,1.13,1.51
2012.02.10 09:06:11.477,1.57813,1.57857,1.13,1.51
2012.02.10 09:06:11.548,1.57813,1.57857,1.13,1.51
2012.02.10 09:06:13.073,1.57812,1.57862,1.13,1.51
2012.02.10 09:06:13.610,1.57812,1.57862,1.13,1.51
2012.02.10 09:06:15.877,1.57812,1.57862,1.13,1.51
2012.02.10 09:06:17.410,1.57812,1.57861,1.13,1.51
2012.02.10 09:06:19.156,1.57812,1.57861,1.13,1.85
2012.02.10 09:06:19.478,1.57812,1.57857,1.13,1.51
2012.02.10 09:06:22.022,1.57813,1.57857,1.13,1.51
2012.02.10 09:06:22.481,1.57812,1.57856,1.13,1.13
2012.02.10 09:06:22.548,1.57812,1.57856,1.13,1.89
2012.02.10 09:06:23.093,1.57812,1.57852,1.13,1.51
2012.02.10 09:06:25.358,1.57806,1.57856,1.50,1.14
2012.02.10 09:06:26.262,1.57806,1.57857,1.50,1.89
2012.02.10 09:06:27.087,1.57806,1.57859,1.50,1.09
2012.02.10 09:06:28.822,1.57811,1.57861,1.13,1.10
2012.02.10 09:06:29.328,1.57807,1.5786,1.50,1.50
2012.02.10 09:06:29.669,1.57807,1.57856,1.50,1.51
2012.02.10 09:06:30.379,1.57806,1.57857,1.50,1.51
2012.02.10 09:06:31.230,1.57806,1.57857,1.50,1.51
2012.02.10 09:06:31.907,1.57806,1.57857,1.50,1.51
2012.02.10 09:06:36.967,1.57806,1.57857,1.50,1.51
2012.02.10 09:06:40.312,1.57813,1.57857,1.13,1.51
2012.02.10 09:06:40.382,1.57812,1.57857,1.13,1.51
2012.02.10 09:06:42.677,1.57813,1.57865,1.13,1.21
2012.02.10 09:06:42.799,1.57815,1.57873,1.50,1.59
2012.02.10 09:06:43.108,1.57816,1.57872,1.50,1.14
2012.02.10 09:06:43.170,1.57819,1.57872,1.09,1.14
2012.02.10 09:06:43.478,1.57823,1.57873,2.25,1.14
2012.02.10 09:06:43.899,1.57821,1.57872,1.50,1.14
2012.02.10 09:06:44.144,1.57816,1.57872,1.50,1.14
2012.02.10 09:06:46.761,1.57816,1.57872,1.50,1.13
2012.02.10 09:06:47.618,1.57816,1.57873,1.50,1.89
2012.02.10 09:06:47.682,1.57816,1.57872,1.50,1.13
2012.02.10 09:06:51.480,1.57816,1.57872,2.25,1.14
2012.02.10 09:06:51.571,1.57816,1.57872,2.25,1.89
2012.02.10 09:06:51.701,1.57821,1.57873,1.13,1.51
2012.02.10 09:06:53.846,1.57824,1.57876,1.09,2.60
2012.02.10 09:06:54.449,1.57821,1.57874,1.09,1.47
2012.02.10 09:06:54.517,1.57818,1.57869,2.25,1.84
2012.02.10 09:06:55.180,1.57818,1.57864,1.50,1.09
2012.02.10 09:06:55.795,1.57816,1.57863,1.50,1.09
2012.02.10 09:06:55.876,1.57811,1.57864,1.87,1.47
2012.02.10 09:06:56.460,1.57812,1.57867,1.13,2.97
2012.02.10 09:06:58.337,1.57812,1.57863,1.13,1.09
2012.02.10 09:06:58.916,1.57812,1.57863,1.13,1.47
2012.02.10 09:06:58.977,1.5781,1.57859,1.12,1.13
2012.02.10 09:06:59.290,1.57809,1.57851,1.12,1.13
2012.02.10 09:06:59.879,1.57802,1.57852,1.50,1.51
2012.02.10 09:07:00.430,1.57806,1.57852,1.50,1.51
2012.02.10 09:07:01.230,1.57806,1.57852,1.50,1.51
2012.02.10 09:07:01.364,1.57806,1.57856,1.50,1.13
2012.02.10 09:07:02.267,1.57811,1.57861,1.13,1.47
2012.02.10 09:07:03.064,1.57806,1.57856,1.50,1.88
2012.02.10 09:07:03.380,1.57809,1.57853,1.88,1.13
2012.02.10 09:07:03.758,1.57811,1.57865,1.09,1.85
2012.02.10 09:07:05.436,1.57816,1.57865,1.13,1.85
2012.02.10 09:07:05.888,1.57816,1.57864,1.87,1.51
2012.02.10 09:07:06.478,1.57816,1.57865,1.13,1.10
2012.02.10 09:07:06.729,1.57816,1.57869,3.37,1.10
2012.02.10 09:07:06.939,1.57816,1.57865,1.50,1.09
2012.02.10 09:07:07.067,1.57816,1.57869,2.25,1.09
2012.02.10 09:07:07.764,1.57815,1.57863,1.50,1.13
2012.02.10 09:07:07.834,1.57812,1.57865,2.25,1.51
2012.02.10 09:07:08.141,1.57815,1.57866,1.13,1.10
2012.02.10 09:07:08.271,1.57812,1.5786,1.12,1.50
2012.02.10 09:07:08.341,1.57811,1.5786,1.12,1.50
2012.02.10 09:07:08.923,1.57811,1.57859,1.12,1.51
2012.02.10 09:07:09.243,1.57811,1.57857,1.12,1.84
2012.02.10 09:07:09.911,1.57808,1.57852,1.13,2.60
2012.02.10 09:07:09.979,1.57809,1.57852,1.13,1.85
2012.02.10 09:07:10.534,1.57807,1.57857,1.50,3.79
2012.02.10 09:07:10.783,1.57806,1.57855,1.09,1.20
2012.02.10 09:07:10.849,1.57806,1.57859,1.84,1.50
2012.02.10 09:07:10.938,1.57807,1.5786,1.13,1.50
2012.02.10 09:07:11.624,1.57807,1.57859,1.13,1.50
2012.02.10 09:07:11.986,1.57813,1.5786,1.34,1.50
2012.02.10 09:07:12.287,1.57808,1.5786,1.13,1.50
2012.02.10 09:07:12.471,1.57806,1.57859,1.50,1.84
2012.02.10 09:07:13.724,1.57806,1.57856,1.50,1.13
2012.02.10 09:07:13.907,1.57806,1.57856,1.50,1.51
2012.02.10 09:07:13.966,1.57802,1.57856,2.62,2.26
2012.02.10 09:07:14.267,1.57802,1.57852,2.62,1.50
2012.02.10 09:07:14.931,1.57802,1.57852,1.88,1.51
2012.02.10 09:07:16.315,1.57802,1.57852,2.62,1.51
2012.02.10 09:07:17.078,1.57802,1.57851,1.87,2.26
2012.02.10 09:07:17.586,1.57801,1.57852,1.50,2.26
2012.02.10 09:07:20.665,1.57802,1.57852,1.50,1.51
2012.02.10 09:07:21.386,1.57802,1.57852,2.25,1.51
2012.02.10 09:07:22.727,1.57802,1.57851,1.50,1.13
2012.02.10 09:07:22.805,1.57801,1.57858,1.50,1.10
2012.02.10 09:07:22.871,1.57801,1.57858,1.50,1.10
2012.02.10 09:07:23.177,1.57802,1.57861,1.50,1.51
2012.02.10 09:07:23.478,1.57805,1.57859,1.50,1.50
2012.02.10 09:07:23.728,1.57803,1.57858,1.50,1.50
2012.02.10 09:07:24.373,1.578,1.57855,1.50,1.51
2012.02.10 09:07:25.679,1.578,1.57856,1.50,1.51
2012.02.10 09:07:28.389,1.578,1.57855,1.50,1.51
2012.02.10 09:07:32.446,1.578,1.57854,1.50,1.13
2012.02.10 09:07:32.890,1.578,1.57851,1.50,1.51
2012.02.10 09:07:33.214,1.57801,1.57859,1.50,1.51
2012.02.10 09:07:33.724,1.578,1.57859,1.50,1.51
2012.02.10 09:07:33.878,1.578,1.57859,1.50,1.51
2012.02.10 09:07:34.796,1.57799,1.57859,1.50,1.51
2012.02.10 09:07:34.863,1.578,1.57861,1.50,1.51
2012.02.10 09:07:34.933,1.57799,1.57857,1.50,1.14
2012.02.10 09:07:35.442,1.57801,1.57857,1.50,1.14
2012.02.10 09:07:38.753,1.57801,1.57861,1.50,1.51
2012.02.10 09:07:39.445,1.57798,1.57859,1.50,1.51
2012.02.10 09:07:44.511,1.57799,1.57857,1.50,1.14
2012.02.10 09:07:46.834,1.57799,1.57858,1.50,1.14
2012.02.10 09:07:49.675,1.57796,1.57853,1.50,1.51
2012.02.10 09:07:49.744,1.57801,1.57853,1.50,1.10
2012.02.10 09:07:49.930,1.57794,1.57848,1.87,1.13
2012.02.10 09:07:50.180,1.57788,1.57842,1.12,1.51
2012.02.10 09:07:50.609,1.57791,1.57844,1.50,1.89
2012.02.10 09:07:50.881,1.57788,1.57843,1.12,1.51
2012.02.10 09:07:51.626,1.57788,1.57842,1.12,1.51
2012.02.10 09:07:51.749,1.57793,1.57844,1.50,1.14
2012.02.10 09:07:51.818,1.57796,1.57847,1.50,1.13
2012.02.10 09:07:52.444,1.57794,1.57841,1.50,1.13
2012.02.10 09:07:52.572,1.57792,1.57839,1.50,1.51
2012.02.10 09:07:53.234,1.57793,1.57839,1.50,1.51
2012.02.10 09:07:53.372,1.57788,1.57842,1.12,1.51
2012.02.10 09:07:54.416,1.57787,1.57842,1.12,1.51
2012.02.10 09:07:55.043,1.57787,1.57841,1.12,1.51
2012.02.10 09:07:56.320,1.57786,1.57842,1.87,1.51
2012.02.10 09:07:56.918,1.57786,1.57842,1.87,1.51
2012.02.10 09:07:57.527,1.57788,1.57844,1.50,1.14
2012.02.10 09:07:57.592,1.5779,1.57844,1.50,1.13
2012.02.10 09:08:01.435,1.57794,1.57847,2.25,2.26
2012.02.10 09:08:01.568,1.57795,1.57844,1.87,1.14
2012.02.10 09:08:01.870,1.57795,1.57844,2.62,1.13
2012.02.10 09:08:02.181,1.57795,1.57844,2.62,1.13
2012.02.10 09:08:02.251,1.57796,1.57848,1.50,1.13
2012.02.10 09:08:02.871,1.57796,1.57852,1.50,1.51
2012.02.10 09:08:02.994,1.57796,1.57848,1.50,1.13
2012.02.10 09:08:03.118,1.57796,1.57852,1.50,1.51
2012.02.10 09:08:03.987,1.57795,1.57848,2.62,1.13
2012.02.10 09:08:04.813,1.57796,1.5785,1.50,1.09
2012.02.10 09:08:05.349,1.57796,1.57849,1.50,1.50
2012.02.10 09:08:05.421,1.57798,1.57853,1.50,1.51
2012.02.10 09:08:07.285,1.57797,1.57848,1.50,1.13
2012.02.10 09:08:07.351,1.57798,1.5785,1.50,1.09
2012.02.10 09:08:07.730,1.57799,1.5785,1.50,1.09
2012.02.10 09:08:07.978,1.57799,1.5785,1.50,1.09
2012.02.10 09:08:09.679,1.57797,1.57848,1.50,1.13
2012.02.10 09:08:09.909,1.57799,1.57852,1.50,1.51
2012.02.10 09:08:11.219,1.57799,1.57849,1.50,1.50
2012.02.10 09:08:11.348,1.57796,1.57849,1.50,1.50
2012.02.10 09:08:11.420,1.57798,1.57853,1.50,2.26
2012.02.10 09:08:11.550,1.57797,1.57848,1.50,1.13
2012.02.10 09:08:12.064,1.57797,1.57848,1.50,1.13
2012.02.10 09:08:12.649,1.57799,1.57852,1.50,1.51
2012.02.10 09:08:13.538,1.57799,1.57852,1.50,1.51
2012.02.10 09:08:14.659,1.57801,1.57852,1.13,1.51
2012.02.10 09:08:14.969,1.57802,1.57856,1.13,1.13
2012.02.10 09:08:15.229,1.57801,1.57854,1.50,1.50
2012.02.10 09:08:15.697,1.57801,1.57854,1.13,1.50
2012.02.10 09:08:16.378,1.57801,1.57854,1.87,1.50
2012.02.10 09:08:17.178,1.57801,1.57854,1.87,1.50
2012.02.10 09:08:17.248,1.57801,1.57854,1.50,1.50
2012.02.10 09:08:17.830,1.57801,1.57854,1.87,1.50
2012.02.10 09:08:17.897,1.57801,1.57854,1.87,1.50
2012.02.10 09:08:19.507,1.57804,1.57854,1.09,1.50
2012.02.10 09:08:23.628,1.57808,1.57863,2.25,1.51
2012.02.10 09:08:24.738,1.57811,1.57865,1.50,1.50
2012.02.10 09:08:25.336,1.57811,1.57867,1.50,1.89
2012.02.10 09:08:25.901,1.5781,1.5787,1.50,1.10
2012.02.10 09:08:26.484,1.57812,1.5787,1.50,1.10
2012.02.10 09:08:27.040,1.57811,1.57872,1.50,1.89
2012.02.10 09:08:28.255,1.57816,1.57869,1.50,1.47
2012.02.10 09:08:28.381,1.57813,1.57869,1.50,2.22
2012.02.10 09:08:28.449,1.57813,1.57864,1.13,1.51
2012.02.10 09:08:28.792,1.57813,1.57864,1.50,1.50
2012.02.10 09:08:28.863,1.57812,1.57861,1.50,2.25
2012.02.10 09:08:28.990,1.57819,1.57862,1.47,1.50
2012.02.10 09:08:29.838,1.57819,1.57874,1.13,1.51
2012.02.10 09:08:30.318,1.57819,1.57874,2.62,1.50
2012.02.10 09:08:31.668,1.5782,1.57874,1.50,1.50
2012.02.10 09:08:32.407,1.57819,1.57874,1.87,1.50
2012.02.10 09:08:33.064,1.5782,1.57874,1.50,1.50
2012.02.10 09:08:34.247,1.57819,1.57873,1.87,1.50
2012.02.10 09:08:34.488,1.57819,1.57871,1.47,1.51
2012.02.10 09:08:36.156,1.5782,1.57876,1.50,1.51
2012.02.10 09:08:36.277,1.57819,1.57877,2.96,1.89
2012.02.10 09:08:39.399,1.5782,1.57876,1.50,1.51
2012.02.10 09:08:40.228,1.57819,1.5787,1.87,1.13
2012.02.10 09:08:40.599,1.5782,1.57871,1.13,1.14
2012.02.10 09:08:40.909,1.57819,1.57867,1.87,1.51
2012.02.10 09:08:41.320,1.57819,1.57867,1.13,1.51
2012.02.10 09:08:41.388,1.57819,1.57867,1.13,1.51
2012.02.10 09:08:42.986,1.57816,1.57866,1.13,1.51
2012.02.10 09:08:43.568,1.57819,1.57866,1.13,1.51
2012.02.10 09:08:44.305,1.57819,1.57866,1.13,1.51
2012.02.10 09:08:44.628,1.5781,1.57861,1.50,1.51
2012.02.10 09:08:44.699,1.5781,1.57861,1.50,1.51
2012.02.10 09:08:45.442,1.5781,1.57861,1.50,1.51
2012.02.10 09:08:45.660,1.5781,1.57861,1.50,1.51
2012.02.10 09:08:46.553,1.57808,1.57862,1.50,1.51
2012.02.10 09:08:47.171,1.57809,1.57862,1.50,1.51
2012.02.10 09:08:48.395,1.57808,1.57862,1.50,1.51
2012.02.10 09:08:49.204,1.57808,1.57862,1.50,1.51
2012.02.10 09:08:52.040,1.57808,1.57862,1.50,1.51
2012.02.10 09:08:52.107,1.57808,1.57862,1.50,1.51
2012.02.10 09:08:52.693,1.57808,1.57862,1.50,1.51
2012.02.10 09:08:52.768,1.57815,1.57869,1.50,1.50
2012.02.10 09:08:53.234,1.57816,1.57871,1.50,1.50
2012.02.10 09:08:53.298,1.57816,1.57872,2.62,1.50
2012.02.10 09:08:53.367,1.57819,1.57874,1.87,2.22
2012.02.10 09:08:53.488,1.57821,1.57873,1.50,1.13
2012.02.10 09:08:53.801,1.57828,1.57876,1.50,1.13
2012.02.10 09:08:54.289,1.5783,1.57875,1.50,1.13
2012.02.10 09:08:54.481,1.57828,1.57876,1.50,1.13
2012.02.10 09:08:55.139,1.57829,1.57876,1.50,1.13
2012.02.10 09:08:55.433,1.57829,1.57876,2.25,1.13
2012.02.10 09:08:57.596,1.57829,1.57883,2.62,1.13
2012.02.10 09:08:58.315,1.57835,1.57883,1.50,1.13
2012.02.10 09:08:58.377,1.57835,1.57883,1.50,1.13
2012.02.10 09:09:01.599,1.57834,1.57883,2.25,1.13
2012.02.10 09:09:02.207,1.5783,1.57883,1.50,1.13
2012.02.10 09:09:02.953,1.57829,1.57883,1.50,1.13
2012.02.10 09:09:03.588,1.5783,1.57883,1.50,1.13
2012.02.10 09:09:04.970,1.5783,1.57884,1.50,1.50
2012.02.10 09:09:05.931,1.57829,1.57884,1.50,1.50
2012.02.10 09:09:05.998,1.5783,1.57884,1.50,1.51
2012.02.10 09:09:06.310,1.57829,1.57884,2.25,1.13
2012.02.10 09:09:06.381,1.57827,1.57878,1.50,1.14
2012.02.10 09:09:06.510,1.57829,1.57877,1.50,1.14
2012.02.10 09:09:07.169,1.57824,1.57876,1.09,1.50
2012.02.10 09:09:07.243,1.57824,1.57876,1.09,1.50
2012.02.10 09:09:07.792,1.57824,1.57876,1.09,1.50
2012.02.10 09:09:08.339,1.57824,1.57877,1.09,1.89
2012.02.10 09:09:09.361,1.57824,1.57877,1.09,1.89
2012.02.10 09:09:11.912,1.57824,1.57877,1.09,1.89
2012.02.10 09:09:15.988,1.57821,1.57873,1.87,1.50
2012.02.10 09:09:16.637,1.5782,1.5787,1.12,1.50
2012.02.10 09:09:19.607,1.57821,1.57871,1.87,1.50
2012.02.10 09:09:20.274,1.57822,1.57871,1.50,1.51
2012.02.10 09:09:21.623,1.57821,1.57871,1.87,1.50
2012.02.10 09:09:21.980,1.57821,1.5787,1.12,1.50
2012.02.10 09:09:25.644,1.57802,1.57852,2.62,1.50
2012.02.10 09:09:26.190,1.57802,1.57853,1.50,1.84
2012.02.10 09:09:26.498,1.57811,1.57855,1.84,1.50
2012.02.10 09:09:26.890,1.57813,1.57863,1.50,1.88
2012.02.10 09:09:27.023,1.57814,1.57863,1.12,1.88
2012.02.10 09:09:27.676,1.57818,1.57864,1.50,1.88
2012.02.10 09:09:28.465,1.57819,1.57865,1.50,1.13
2012.02.10 09:09:28.715,1.57819,1.57863,1.50,1.13
2012.02.10 09:09:29.200,1.57819,1.57864,1.50,1.13
2012.02.10 09:09:29.969,1.57819,1.57864,1.50,1.88
2012.02.10 09:09:30.619,1.57818,1.57863,1.50,1.13
2012.02.10 09:09:31.150,1.57819,1.57864,1.50,1.13
2012.02.10 09:09:31.814,1.57819,1.57865,1.50,1.13
2012.02.10 09:09:31.883,1.57814,1.57864,1.50,1.88
2012.02.10 09:09:33.259,1.57814,1.57863,1.50,1.13
2012.02.10 09:09:34.162,1.57817,1.57864,1.50,1.13
2012.02.10 09:09:34.719,1.57813,1.57863,1.50,1.13
2012.02.10 09:09:35.358,1.57813,1.57863,1.50,1.13
2012.02.10 09:09:36.044,1.57817,1.57867,1.50,1.13
2012.02.10 09:09:36.766,1.57816,1.57867,1.50,1.13
2012.02.10 09:09:37.340,1.57819,1.57866,1.09,1.13
2012.02.10 09:09:37.420,1.5782,1.57866,1.09,1.13
2012.02.10 09:09:39.205,1.57824,1.57873,2.25,1.50
2012.02.10 09:09:39.546,1.57831,1.5788,1.50,1.50
2012.02.10 09:09:39.727,1.57833,1.57884,1.12,1.50
2012.02.10 09:09:39.787,1.57837,1.57887,1.50,1.13
2012.02.10 09:09:39.909,1.57837,1.57887,1.50,1.13
2012.02.10 09:09:41.878,1.57839,1.57887,1.09,1.47
2012.02.10 09:09:42.317,1.57839,1.57886,1.09,1.50
2012.02.10 09:09:43.452,1.57839,1.57887,1.09,1.47
2012.02.10 09:09:43.645,1.57839,1.57882,1.50,1.84
2012.02.10 09:09:44.336,1.57829,1.57878,1.84,1.62
2012.02.10 09:09:44.758,1.57828,1.57879,1.12,1.09
2012.02.10 09:09:45.342,1.57828,1.57879,1.12,1.09
2012.02.10 09:09:45.710,1.57828,1.57875,1.12,1.09
2012.02.10 09:09:46.424,1.57827,1.57875,1.12,1.09
2012.02.10 09:09:46.880,1.57829,1.57876,1.50,1.10
2012.02.10 09:09:47.144,1.57827,1.57877,1.87,1.51
2012.02.10 09:09:48.553,1.57822,1.57872,1.87,1.50
2012.02.10 09:09:49.078,1.57819,1.57868,1.09,1.50
2012.02.10 09:09:50.007,1.57817,1.57868,1.50,1.50
2012.02.10 09:09:51.289,1.57817,1.57868,1.50,1.50
2012.02.10 09:09:52.006,1.57817,1.57868,1.50,1.50
2012.02.10 09:09:52.672,1.57817,1.57868,1.50,1.50
2012.02.10 09:09:55.616,1.57822,1.57871,1.50,1.84
2012.02.10 09:09:56.232,1.57817,1.57868,1.50,1.50
2012.02.10 09:09:58.218,1.57817,1.57868,1.50,1.50
2012.02.10 09:09:58.482,1.57822,1.57871,1.50,1.50
2012.02.10 09:09:59.265,1.57824,1.57865,1.50,1.13
2012.02.10 09:09:59.581,1.57831,1.57865,1.09,1.13
2012.02.10 09:09:59.886,1.57829,1.57865,1.50,1.13
2012.02.10 09:10:00.439,1.57828,1.57877,1.50,1.50
2012.02.10 09:10:00.512,1.5783,1.57877,1.50,1.50
2012.02.10 09:10:01.246,1.57826,1.57878,1.50,1.50
2012.02.10 09:10:01.487,1.5783,1.57877,1.50,1.50
2012.02.10 09:10:02.162,1.57826,1.57877,1.50,1.50
2012.02.10 09:10:02.724,1.57826,1.57878,1.50,1.50
2012.02.10 09:10:03.453,1.5783,1.57877,1.50,1.50
2012.02.10 09:10:04.743,1.57828,1.57877,1.84,1.50
2012.02.10 09:10:06.407,1.57829,1.57878,1.50,2.25
2012.02.10 09:10:07.591,1.57828,1.57879,1.50,2.25
2012.02.10 09:10:08.555,1.57823,1.57874,1.50,1.50
2012.02.10 09:10:10.603,1.57831,1.57878,1.50,1.50
2012.02.10 09:10:10.848,1.57827,1.57878,1.50,1.50
2012.02.10 09:10:11.370,1.57827,1.57877,1.50,1.13
2012.02.10 09:10:12.343,1.57827,1.57877,1.50,1.13
2012.02.10 09:10:13.286,1.57827,1.57878,1.50,2.25
2012.02.10 09:10:13.855,1.57825,1.57872,1.50,1.50
2012.02.10 09:10:14.716,1.57824,1.57872,1.50,1.50
2012.02.10 09:10:15.746,1.57824,1.57872,1.50,1.50
2012.02.10 09:10:15.870,1.57824,1.57873,1.50,1.50
2012.02.10 09:10:16.461,1.57831,1.57878,1.50,1.50
2012.02.10 09:10:17.975,1.57826,1.57879,1.50,2.25
2012.02.10 09:10:18.448,1.57825,1.57874,1.50,1.50
2012.02.10 09:10:19.019,1.5783,1.57874,1.09,1.50
2012.02.10 09:10:19.748,1.5783,1.57874,1.09,1.50
2012.02.10 09:10:20.200,1.57832,1.57879,1.50,1.50
2012.02.10 09:10:22.247,1.57832,1.57879,1.50,1.50
2012.02.10 09:10:22.801,1.57832,1.57879,1.50,1.50
2012.02.10 09:10:25.385,1.57832,1.57879,1.50,1.50
2012.02.10 09:10:25.508,1.57831,1.5788,1.50,1.50
2012.02.10 09:10:26.813,1.5783,1.57875,1.50,1.50
2012.02.10 09:10:26.974,1.57828,1.57875,1.50,1.50
2012.02.10 09:10:27.540,1.57829,1.57876,1.50,1.50
2012.02.10 09:10:27.669,1.57829,1.57876,2.25,1.50
2012.02.10 09:10:27.742,1.5783,1.57875,1.50,1.50
2012.02.10 09:10:27.992,1.57827,1.57875,1.50,1.50
2012.02.10 09:10:28.658,1.57823,1.5787,1.50,1.50
2012.02.10 09:10:31.421,1.57821,1.57871,1.50,1.50
2012.02.10 09:10:34.647,1.57823,1.5787,1.50,1.50
2012.02.10 09:10:34.973,1.57826,1.57875,1.50,1.50
2012.02.10 09:10:35.627,1.57826,1.57876,1.50,2.25
2012.02.10 09:10:36.230,1.57826,1.57876,1.50,1.51
2012.02.10 09:10:37.473,1.57829,1.57876,1.50,1.51
2012.02.10 09:10:37.563,1.57824,1.57874,1.50,1.50
2012.02.10 09:10:39.819,1.57821,1.57874,1.50,1.50
2012.02.10 09:10:43.671,1.57821,1.57874,1.50,1.50
2012.02.10 09:10:44.230,1.57826,1.57876,1.50,1.51
2012.02.10 09:10:46.143,1.57822,1.57873,1.50,2.25
2012.02.10 09:10:47.639,1.57822,1.57873,1.50,2.25
2012.02.10 09:10:48.401,1.57822,1.57872,1.50,1.50
2012.02.10 09:10:52.210,1.57825,1.57872,1.50,1.50
2012.02.10 09:10:53.107,1.57825,1.57872,1.09,1.50
2012.02.10 09:10:53.188,1.57826,1.57873,1.84,1.50
2012.02.10 09:10:53.681,1.57817,1.57868,1.87,1.50
2012.02.10 09:10:55.045,1.57813,1.57863,1.50,1.13
2012.02.10 09:10:55.773,1.57813,1.57863,1.50,1.13
2012.02.10 09:10:56.249,1.57816,1.57863,1.09,1.13
2012.02.10 09:10:57.861,1.5782,1.57867,1.09,1.50
2012.02.10 09:10:58.230,1.57816,1.57863,1.50,1.99
2012.02.10 09:10:58.302,1.57815,1.57863,1.09,1.99
2012.02.10 09:10:58.550,1.57815,1.57863,1.46,2.74
2012.02.10 09:10:59.567,1.57818,1.57863,1.50,1.47
2012.02.10 09:11:00.105,1.57819,1.57863,1.50,1.13
2012.02.10 09:11:00.633,1.57818,1.57863,1.50,1.13
2012.02.10 09:11:01.409,1.57818,1.57863,1.50,1.13
2012.02.10 09:11:04.458,1.57819,1.57864,1.50,1.13
2012.02.10 09:11:07.108,1.57819,1.57868,1.50,1.50
2012.02.10 09:11:08.013,1.57818,1.57867,1.50,1.13
2012.02.10 09:11:08.557,1.57818,1.57868,1.50,1.50
2012.02.10 09:11:09.151,1.57819,1.57868,2.25,1.50
2012.02.10 09:11:10.698,1.57819,1.57867,1.50,1.13
2012.02.10 09:11:11.470,1.57819,1.57868,1.50,1.50
2012.02.10 09:11:12.133,1.57819,1.57867,1.50,1.13
2012.02.10 09:11:13.441,1.5782,1.57867,1.50,1.13
2012.02.10 09:11:15.771,1.57818,1.57867,1.50,1.13
2012.02.10 09:11:17.032,1.57814,1.57863,1.50,1.13
2012.02.10 09:11:17.746,1.57815,1.57864,1.50,1.13
2012.02.10 09:11:18.244,1.57815,1.57864,1.50,1.13
2012.02.10 09:11:19.083,1.57814,1.57863,1.50,1.13
2012.02.10 09:11:20.265,1.57813,1.57863,1.50,1.88
2012.02.10 09:11:20.789,1.57815,1.57864,1.50,1.13
2012.02.10 09:11:20.859,1.57814,1.57863,1.50,1.13
2012.02.10 09:11:21.207,1.57815,1.57864,1.50,1.13
2012.02.10 09:11:22.178,1.57818,1.57868,1.50,1.50
2012.02.10 09:11:22.725,1.57818,1.57868,1.50,1.50
2012.02.10 09:11:23.348,1.57818,1.57868,1.50,1.50
2012.02.10 09:11:24.977,1.57818,1.57864,1.50,1.13
2012.02.10 09:11:25.410,1.57809,1.57858,1.12,1.09
2012.02.10 09:11:26.003,1.57809,1.57858,1.12,1.09
2012.02.10 09:11:26.136,1.57809,1.57858,1.12,1.84
2012.02.10 09:11:27.207,1.57807,1.57858,1.50,1.09
2012.02.10 09:11:27.764,1.57807,1.57858,1.50,1.84
2012.02.10 09:11:27.829,1.57807,1.57858,1.50,1.84
2012.02.10 09:11:28.359,1.57807,1.57858,1.50,2.22
2012.02.10 09:11:29.140,1.57807,1.57858,1.50,1.47
2012.02.10 09:11:29.223,1.57804,1.57853,1.12,1.50
2012.02.10 09:11:29.292,1.57804,1.57852,1.12,1.09
2012.02.10 09:11:29.843,1.57805,1.57852,1.50,1.09
2012.02.10 09:11:30.852,1.57793,1.57839,1.50,1.50
2012.02.10 09:11:30.950,1.57789,1.57839,1.09,1.50
2012.02.10 09:11:31.453,1.57792,1.57843,1.50,1.50
2012.02.10 09:11:32.493,1.57796,1.57845,1.50,1.51
2012.02.10 09:11:33.006,1.57796,1.57846,1.50,1.50
2012.02.10 09:11:35.239,1.57799,1.57846,1.50,1.50
2012.02.10 09:11:35.369,1.57796,1.57846,1.50,1.50
2012.02.10 09:11:36.499,1.57793,1.57843,1.87,1.50
2012.02.10 09:11:37.211,1.57797,1.57845,1.50,1.50
2012.02.10 09:11:38.010,1.57798,1.57844,1.50,1.50
2012.02.10 09:11:38.531,1.57794,1.57843,1.50,1.50
2012.02.10 09:11:38.781,1.57789,1.57834,1.50,2.41
2012.02.10 09:11:38.853,1.57786,1.57833,1.50,1.14
2012.02.10 09:11:38.983,1.57781,1.57833,1.87,1.89
2012.02.10 09:11:39.688,1.5778,1.57827,2.25,1.50
2012.02.10 09:11:39.788,1.57781,1.57835,2.62,1.65
2012.02.10 09:11:39.887,1.57781,1.57832,2.62,1.50
2012.02.10 09:11:40.194,1.57777,1.57824,1.09,1.50
2012.02.10 09:11:40.382,1.57777,1.57822,1.09,1.51
2012.02.10 09:11:41.326,1.57768,1.57818,1.09,1.84
2012.02.10 09:11:43.110,1.57766,1.57818,1.50,1.09
2012.02.10 09:11:43.568,1.57766,1.57818,1.50,1.09
2012.02.10 09:11:44.833,1.5777,1.57819,1.09,2.25
2012.02.10 09:11:45.159,1.57771,1.57819,1.50,1.09
2012.02.10 09:11:45.230,1.57766,1.57819,1.50,1.84
2012.02.10 09:11:45.788,1.57766,1.57819,1.50,2.59
2012.02.10 09:11:46.766,1.57767,1.57818,1.50,1.50
2012.02.10 09:11:47.484,1.57767,1.57818,1.87,1.50
2012.02.10 09:11:48.992,1.57773,1.5782,1.09,1.50
2012.02.10 09:11:49.485,1.57774,1.57821,1.50,1.50
2012.02.10 09:11:50.292,1.57785,1.5782,1.13,1.50
2012.02.10 09:11:50.373,1.5779,1.57839,1.09,1.88
2012.02.10 09:11:50.914,1.57789,1.57839,1.84,1.88
2012.02.10 09:11:51.420,1.5779,1.57834,1.09,1.50
2012.02.10 09:11:52.772,1.57793,1.57839,1.84,1.13
2012.02.10 09:11:53.427,1.57793,1.57838,1.84,1.13
2012.02.10 09:11:53.745,1.57797,1.57838,1.84,1.13
2012.02.10 09:11:55.288,1.57797,1.57838,1.84,1.50
2012.02.10 09:11:55.471,1.57792,1.57839,2.59,1.47
2012.02.10 09:11:55.754,1.57792,1.57839,1.09,1.13
2012.02.10 09:11:56.573,1.57792,1.57838,1.09,1.13
2012.02.10 09:11:57.151,1.57792,1.57838,1.84,1.13
2012.02.10 09:11:57.220,1.57791,1.57838,1.84,1.13
2012.02.10 09:11:57.882,1.57792,1.57842,1.09,1.13
2012.02.10 09:11:58.137,1.57792,1.57842,1.46,1.13
2012.02.10 09:11:59.166,1.57792,1.57839,1.46,1.13
2012.02.10 09:11:59.751,1.57794,1.57842,1.12,1.13
2012.02.10 09:12:01.368,1.57794,1.57838,1.12,1.13
2012.02.10 09:12:01.881,1.57796,1.57843,1.50,1.13
2012.02.10 09:12:02.420,1.57795,1.57842,1.87,1.13
2012.02.10 09:12:03.286,1.57795,1.57843,1.87,1.13
2012.02.10 09:12:04.032,1.57796,1.57842,1.50,1.13
2012.02.10 09:12:04.344,1.57797,1.57839,1.84,1.13
2012.02.10 09:12:05.341,1.57805,1.57839,1.84,1.13
2012.02.10 09:12:05.671,1.57805,1.57848,2.59,1.50
2012.02.10 09:12:06.880,1.57805,1.57848,1.84,1.50
2012.02.10 09:12:07.068,1.57804,1.57848,1.84,1.50
2012.02.10 09:12:07.576,1.578,1.57848,1.46,2.03
2012.02.10 09:12:08.136,1.57799,1.57848,3.71,2.03
2012.02.10 09:12:08.201,1.57799,1.57843,3.71,1.13
2012.02.10 09:12:09.909,1.578,1.57843,1.46,1.13
2012.02.10 09:12:11.752,1.57799,1.57843,3.71,1.13
2012.02.10 09:12:12.344,1.57804,1.57843,1.09,1.13
2012.02.10 09:12:12.410,1.57804,1.57845,1.09,1.13
2012.02.10 09:12:12.658,1.57797,1.57844,1.50,2.22
2012.02.10 09:12:13.426,1.57802,1.57845,1.12,1.47
2012.02.10 09:12:14.190,1.57797,1.57845,1.84,1.13
2012.02.10 09:12:17.660,1.57802,1.57844,1.47,1.13
2012.02.10 09:12:17.970,1.57807,1.57845,1.12,1.13
2012.02.10 09:12:18.251,1.57809,1.5785,1.50,1.13
2012.02.10 09:12:18.859,1.57812,1.5785,1.09,1.13
2012.02.10 09:12:19.625,1.57813,1.57851,1.87,1.13
2012.02.10 09:12:19.869,1.57808,1.57851,1.87,1.13
2012.02.10 09:12:20.378,1.57809,1.57851,1.50,1.13
2012.02.10 09:12:20.719,1.57808,1.57844,1.50,1.09
2012.02.10 09:12:20.850,1.57797,1.57844,1.50,1.84
2012.02.10 09:12:20.919,1.57793,1.57843,1.50,1.09
2012.02.10 09:12:23.752,1.57791,1.57839,1.50,1.09
2012.02.10 09:12:24.529,1.57791,1.57837,1.12,2.40
2012.02.10 09:12:24.604,1.57792,1.57836,1.09,1.13
2012.02.10 09:12:24.990,1.57794,1.57837,1.09,1.13
2012.02.10 09:12:25.302,1.5779,1.57837,1.09,1.13
2012.02.10 09:12:25.548,1.57795,1.57839,1.50,1.13
2012.02.10 09:12:25.806,1.57798,1.57841,1.41,1.50
2012.02.10 09:12:25.993,1.57801,1.57847,1.13,1.13
2012.02.10 09:12:26.185,1.57804,1.57847,1.87,1.14
2012.02.10 09:12:26.823,1.57803,1.57848,1.87,1.89
2012.02.10 09:12:27.523,1.57808,1.57848,1.13,1.13
2012.02.10 09:12:27.711,1.57809,1.57847,3.34,1.13
2012.02.10 09:12:28.199,1.57809,1.57857,4.09,1.50
2012.02.10 09:12:28.327,1.57816,1.57857,1.50,1.50
2012.02.10 09:12:29.119,1.57817,1.57857,1.13,1.50
2012.02.10 09:12:29.551,1.57817,1.57859,1.87,1.13
2012.02.10 09:12:30.361,1.57822,1.57858,1.50,1.13
2012.02.10 09:12:31.055,1.57822,1.57862,1.12,1.13
2012.02.10 09:12:31.430,1.57813,1.57862,1.84,1.13
2012.02.10 09:12:31.988,1.57815,1.57861,1.12,1.13
2012.02.10 09:12:32.231,1.57814,1.57858,1.13,1.50
2012.02.10 09:12:32.959,1.57812,1.57859,1.46,1.88
2012.02.10 09:12:33.365,1.57812,1.57857,1.09,1.13
2012.02.10 09:12:33.969,1.57809,1.57851,1.50,1.09
2012.02.10 09:12:35.041,1.57809,1.57851,1.50,1.09
2012.02.10 09:12:35.549,1.57808,1.57856,3.34,1.13
2012.02.10 09:12:36.117,1.57809,1.57854,1.09,1.13
2012.02.10 09:12:36.859,1.57813,1.57855,1.09,1.13
2012.02.10 09:12:36.989,1.57822,1.5786,1.84,1.13
2012.02.10 09:12:37.702,1.57822,1.5786,1.12,1.13
2012.02.10 09:12:38.589,1.57822,1.5786,1.50,1.13
2012.02.10 09:12:39.097,1.57823,1.5786,1.87,1.13
2012.02.10 09:12:41.478,1.57823,1.5786,1.50,1.13
2012.02.10 09:12:41.717,1.57819,1.5786,1.50,1.13
2012.02.10 09:12:41.777,1.57817,1.5786,1.09,1.13
2012.02.10 09:12:42.669,1.57817,1.5786,1.09,1.13
2012.02.10 09:12:43.759,1.57814,1.5786,1.09,1.13
2012.02.10 09:12:43.828,1.57812,1.5786,1.09,1.13
2012.02.10 09:12:44.850,1.57811,1.5786,1.50,1.47
2012.02.10 09:12:45.038,1.57808,1.57858,3.37,1.50
2012.02.10 09:12:45.540,1.57811,1.5786,1.50,1.47
2012.02.10 09:12:45.849,1.57817,1.5786,1.50,1.47
2012.02.10 09:12:47.111,1.57817,1.57861,1.50,1.13
2012.02.10 09:12:47.490,1.57817,1.57861,1.84,1.13
2012.02.10 09:12:50.740,1.57816,1.5786,1.84,1.13
2012.02.10 09:12:51.686,1.57812,1.5786,1.09,1.13
2012.02.10 09:12:52.827,1.57812,1.5786,1.09,1.13
2012.02.10 09:12:53.379,1.57811,1.5786,1.09,1.13
2012.02.10 09:12:55.194,1.57808,1.57859,4.12,1.50
2012.02.10 09:12:55.262,1.57809,1.57856,1.13,1.13
2012.02.10 09:12:56.123,1.57809,1.57853,1.87,1.13
2012.02.10 09:12:56.378,1.57808,1.57853,3.00,1.13
2012.02.10 09:12:56.716,1.57814,1.57853,1.09,1.13
2012.02.10 09:12:57.021,1.57814,1.57854,1.09,1.13
2012.02.10 09:12:57.976,1.57817,1.5786,1.50,1.13
2012.02.10 09:12:58.044,1.57817,1.5786,1.50,1.13
2012.02.10 09:12:58.110,1.57817,1.5786,1.50,1.13
2012.02.10 09:12:58.242,1.57817,1.5786,1.50,1.13
2012.02.10 09:12:58.530,1.57813,1.57859,1.46,1.09
2012.02.10 09:13:00.221,1.57814,1.57859,1.09,1.09
2012.02.10 09:13:00.649,1.57813,1.57859,1.09,1.09
2012.02.10 09:13:00.782,1.57816,1.57859,1.13,1.09
2012.02.10 09:13:00.853,1.57816,1.57859,1.13,1.09
2012.02.10 09:13:01.664,1.57817,1.57859,1.12,1.09
2012.02.10 09:13:01.963,1.57814,1.57851,1.12,1.13
2012.02.10 09:13:02.282,1.57809,1.57849,1.50,2.59
2012.02.10 09:13:02.349,1.578,1.57844,1.12,1.09
2012.02.10 09:13:02.481,1.57799,1.57845,1.46,1.47
2012.02.10 09:13:02.903,1.57802,1.57844,1.09,1.13
2012.02.10 09:13:03.621,1.57804,1.57845,2.59,1.13
2012.02.10 09:13:03.918,1.57809,1.57845,1.50,1.13
2012.02.10 09:13:04.109,1.57809,1.57853,2.25,1.13
2012.02.10 09:13:05.037,1.5781,1.57853,1.50,1.13
2012.02.10 09:13:06.110,1.57809,1.57851,1.50,1.13
2012.02.10 09:13:06.650,1.5781,1.57851,1.50,1.13
2012.02.10 09:13:06.984,1.57809,1.57851,1.50,1.13
2012.02.10 09:13:08.268,1.57808,1.57851,1.50,1.13
2012.02.10 09:13:08.860,1.5781,1.57851,1.50,1.13
2012.02.10 09:13:09.900,1.57809,1.57855,1.87,1.13
2012.02.10 09:13:10.536,1.57815,1.57855,1.50,1.13
2012.02.10 09:13:10.889,1.57825,1.57858,1.50,1.13
2012.02.10 09:13:11.079,1.57833,1.5787,1.50,1.13
2012.02.10 09:13:11.649,1.57824,1.5787,1.09,1.13
2012.02.10 09:13:11.837,1.57824,1.5787,1.09,1.13
2012.02.10 09:13:12.581,1.57824,1.5787,1.84,1.13
2012.02.10 09:13:13.100,1.57826,1.5787,1.50,1.13
2012.02.10 09:13:13.408,1.57822,1.5787,1.47,1.13
2012.02.10 09:13:13.932,1.57824,1.57868,1.09,1.50
2012.02.10 09:13:14.568,1.57823,1.57868,3.71,1.50
2012.02.10 09:13:16.057,1.57828,1.57869,1.09,1.13
2012.02.10 09:13:16.646,1.57829,1.57869,1.13,1.13
2012.02.10 09:13:16.715,1.57834,1.57869,1.09,1.13
2012.02.10 09:13:17.775,1.57833,1.57869,1.50,1.13
2012.02.10 09:13:17.962,1.57833,1.57864,1.50,1.09
2012.02.10 09:13:18.726,1.57821,1.57864,1.12,1.09
2012.02.10 09:13:18.794,1.57823,1.57864,2.22,1.50
2012.02.10 09:13:18.981,1.57819,1.57863,1.12,1.84
2012.02.10 09:13:19.051,1.57816,1.57862,1.09,1.09
2012.02.10 09:13:19.542,1.57814,1.57855,1.50,1.09
2012.02.10 09:13:19.730,1.57813,1.57861,1.09,1.13
2012.02.10 09:13:19.805,1.57816,1.57861,1.50,1.13
2012.02.10 09:13:20.572,1.57816,1.57857,1.50,1.13
2012.02.10 09:13:21.305,1.57813,1.57857,1.09,1.13
2012.02.10 09:13:21.916,1.57811,1.57854,1.50,1.50
2012.02.10 09:13:22.488,1.57809,1.57854,1.13,1.50
2012.02.10 09:13:23.265,1.57809,1.57854,1.87,1.50
2012.02.10 09:13:23.882,1.57809,1.57854,1.13,1.50
2012.02.10 09:13:24.421,1.57809,1.57854,1.13,1.50
2012.02.10 09:13:25.742,1.57807,1.57849,1.50,1.13
2012.02.10 09:13:26.567,1.5781,1.57849,1.50,1.13
2012.02.10 09:13:27.092,1.57812,1.57849,1.50,1.13
2012.02.10 09:13:27.410,1.57812,1.5785,1.50,1.13
2012.02.10 09:13:30.282,1.57807,1.57849,1.50,1.13
2012.02.10 09:13:30.356,1.57801,1.57847,2.97,1.13
2012.02.10 09:13:30.424,1.578,1.57848,1.50,1.13
2012.02.10 09:13:31.411,1.57802,1.57848,1.13,1.13
2012.02.10 09:13:32.324,1.57809,1.57848,1.84,1.13
2012.02.10 09:13:33.409,1.57809,1.57849,1.09,1.13
2012.02.10 09:13:37.944,1.57806,1.57848,1.50,1.13
2012.02.10 09:13:38.015,1.57807,1.57848,1.84,1.13
2012.02.10 09:13:38.388,1.57808,1.5785,1.84,1.13
2012.02.10 09:13:39.437,1.57809,1.5785,1.84,1.13
2012.02.10 09:13:39.710,1.57811,1.57849,1.47,1.13
2012.02.10 09:13:40.322,1.57811,1.57857,1.47,1.13
2012.02.10 09:13:40.912,1.57812,1.57857,1.46,1.13
2012.02.10 09:13:41.389,1.57811,1.57857,1.09,1.13
2012.02.10 09:13:43.141,1.57808,1.57856,2.62,1.13
2012.02.10 09:13:43.216,1.57809,1.57856,1.50,1.13
2012.02.10 09:13:43.975,1.57808,1.57856,1.13,1.13
2012.02.10 09:13:45.766,1.57806,1.57853,1.12,1.50
2012.02.10 09:13:46.265,1.57809,1.57853,1.12,1.50
2012.02.10 09:13:46.777,1.57809,1.57853,1.88,1.50
2012.02.10 09:13:47.835,1.57809,1.57849,1.88,1.50
2012.02.10 09:13:48.418,1.57801,1.57849,1.87,1.13
2012.02.10 09:13:48.803,1.57801,1.57848,1.50,1.13
2012.02.10 09:13:49.480,1.57801,1.57848,1.50,1.13
2012.02.10 09:13:50.151,1.57801,1.57848,1.50,1.13
2012.02.10 09:13:50.808,1.57801,1.57848,1.50,1.13
2012.02.10 09:13:51.328,1.57799,1.57848,1.12,1.88
2012.02.10 09:13:51.944,1.57802,1.57846,1.50,1.13
2012.02.10 09:13:52.457,1.57802,1.57846,1.13,1.13
2012.02.10 09:13:54.438,1.57802,1.57846,1.47,1.13
2012.02.10 09:13:54.941,1.57802,1.57846,1.84,1.13
2012.02.10 09:13:55.544,1.57802,1.57846,1.09,1.13
2012.02.10 09:13:56.397,1.57802,1.57846,1.84,1.13
2012.02.10 09:13:57.262,1.57804,1.57846,1.09,1.13
2012.02.10 09:13:57.677,1.57801,1.57846,1.84,1.13
2012.02.10 09:13:58.192,1.57802,1.57846,1.09,1.13
2012.02.10 09:13:59.710,1.57801,1.57844,1.09,1.50
2012.02.10 09:13:59.779,1.57799,1.57844,1.12,1.50
2012.02.10 09:13:59.850,1.57791,1.57841,2.25,1.13
2012.02.10 09:14:00.162,1.57804,1.57843,1.50,1.13
2012.02.10 09:14:00.676,1.57804,1.57843,1.12,1.13
2012.02.10 09:14:00.979,1.57809,1.57844,1.13,1.13
2012.02.10 09:14:02.218,1.57809,1.57844,1.50,1.13
2012.02.10 09:14:02.702,1.57811,1.57844,1.50,1.13
2012.02.10 09:14:02.998,1.57812,1.57853,1.12,1.13
2012.02.10 09:14:05.844,1.57811,1.57853,1.84,1.13
2012.02.10 09:14:06.377,1.57808,1.57853,1.09,1.13
2012.02.10 09:14:08.584,1.57807,1.57853,1.46,1.13
2012.02.10 09:14:09.912,1.57803,1.57852,1.09,1.13
2012.02.10 09:14:10.967,1.57802,1.57849,3.71,1.13
2012.02.10 09:14:11.726,1.57806,1.57849,1.09,1.13
2012.02.10 09:14:13.602,1.57808,1.57849,1.84,1.13
2012.02.10 09:14:13.675,1.57809,1.57849,1.50,1.13
2012.02.10 09:14:14.340,1.57808,1.57849,1.84,1.13
2012.02.10 09:14:16.107,1.5781,1.57849,1.50,1.13
2012.02.10 09:14:17.652,1.57809,1.57849,1.50,1.13
2012.02.10 09:14:17.918,1.5781,1.57849,1.50,1.13
2012.02.10 09:14:18.240,1.57812,1.57851,1.09,1.13
2012.02.10 09:14:18.733,1.57816,1.57859,1.09,1.13
2012.02.10 09:14:18.801,1.57817,1.57859,1.09,1.13
2012.02.10 09:14:19.743,1.57819,1.57859,1.50,1.13
2012.02.10 09:14:20.382,1.57818,1.5786,1.50,1.13
2012.02.10 09:14:20.509,1.57817,1.5786,1.09,1.13
2012.02.10 09:14:21.309,1.57816,1.5786,1.09,1.13
2012.02.10 09:14:21.843,1.57816,1.5786,1.09,1.13
2012.02.10 09:14:22.662,1.57821,1.5786,1.84,1.13
2012.02.10 09:14:24.027,1.57819,1.5786,1.50,1.13
2012.02.10 09:14:24.149,1.57817,1.57859,1.09,1.13
2012.02.10 09:14:25.254,1.57822,1.5786,1.13,1.13
2012.02.10 09:14:25.320,1.57822,1.57866,1.13,1.13
2012.02.10 09:14:25.392,1.57823,1.57866,1.84,1.13
2012.02.10 09:14:26.038,1.57822,1.57874,1.87,1.85
2012.02.10 09:14:26.527,1.57821,1.57871,1.50,1.51
2012.02.10 09:14:26.589,1.57822,1.57873,1.13,1.29
2012.02.10 09:14:26.721,1.57822,1.57873,1.13,2.04
2012.02.10 09:14:28.558,1.57822,1.57873,1.13,1.28
2012.02.10 09:14:28.626,1.57822,1.57873,1.13,1.28
2012.02.10 09:14:28.771,1.57821,1.57873,1.50,1.28
2012.02.10 09:14:29.243,1.57822,1.57873,1.13,1.28
2012.02.10 09:14:29.310,1.57821,1.57873,1.50,1.28
2012.02.10 09:14:29.828,1.57821,1.57873,1.50,1.28
2012.02.10 09:14:30.493,1.57821,1.57867,1.50,1.13
2012.02.10 09:14:31.019,1.57821,1.57867,1.50,1.13
2012.02.10 09:14:31.411,1.57822,1.57867,1.88,1.13
2012.02.10 09:14:31.723,1.5783,1.57876,1.09,1.13
2012.02.10 09:14:33.458,1.57832,1.57877,1.09,1.13
2012.02.10 09:14:33.521,1.57832,1.57877,1.09,1.13
2012.02.10 09:14:35.799,1.57831,1.57877,1.09,1.13
2012.02.10 09:14:36.469,1.57831,1.57877,1.09,1.13
2012.02.10 09:14:36.654,1.57831,1.57877,1.09,1.13
2012.02.10 09:14:36.779,1.57831,1.57877,1.09,1.13
2012.02.10 09:14:36.929,1.57831,1.57877,1.09,1.13
2012.02.10 09:14:37.091,1.57831,1.57877,1.09,1.13
2012.02.10 09:14:38.540,1.57831,1.57877,1.09,1.13
2012.02.10 09:14:38.799,1.57831,1.57877,1.09,1.13
2012.02.10 09:14:38.868,1.57831,1.57877,1.09,1.13
2012.02.10 09:14:39.510,1.57831,1.57877,1.09,1.13
2012.02.10 09:14:40.059,1.57831,1.57877,1.09,1.13
2012.02.10 09:14:40.128,1.57831,1.57877,1.09,1.13
2012.02.10 09:14:40.186,1.57831,1.57877,1.09,1.13
2012.02.10 09:14:40.490,1.57831,1.57879,1.09,1.13
2012.02.10 09:14:41.455,1.57831,1.57879,1.09,1.13
2012.02.10 09:14:41.530,1.57831,1.57879,1.09,1.13
2012.02.10 09:14:43.846,1.57831,1.57879,1.09,1.13
2012.02.10 09:14:45.276,1.57831,1.57879,1.09,1.13
2012.02.10 09:14:45.458,1.57828,1.57878,1.09,1.88
2012.02.10 09:14:46.327,1.57827,1.57878,1.09,1.88
2012.02.10 09:14:46.690,1.57829,1.57878,1.09,1.13
2012.02.10 09:14:47.472,1.57837,1.57878,1.09,1.13
2012.02.10 09:14:47.811,1.57846,1.57888,1.09,1.13
2012.02.10 09:14:48.312,1.57845,1.57888,1.84,1.13
2012.02.10 09:14:49.410,1.57844,1.57888,1.84,1.13
2012.02.10 09:14:50.026,1.57844,1.57888,1.84,1.88
2012.02.10 09:14:51.695,1.57837,1.57888,1.88,1.50
2012.02.10 09:14:52.450,1.57832,1.57884,1.50,1.50
2012.02.10 09:14:54.656,1.57836,1.5788,1.09,1.13
2012.02.10 09:14:54.921,1.57829,1.57879,1.12,1.50
2012.02.10 09:14:55.053,1.57829,1.5788,1.50,1.13
2012.02.10 09:14:56.455,1.5783,1.5788,1.13,1.13
2012.02.10 09:14:56.681,1.57827,1.57878,1.50,1.50
2012.02.10 09:14:56.872,1.5783,1.5788,1.13,1.13
2012.02.10 09:14:57.549,1.57827,1.57879,1.12,1.50
2012.02.10 09:14:58.019,1.5783,1.5788,1.13,1.13
2012.02.10 09:15:00.267,1.5783,1.5788,1.13,1.13
2012.02.10 09:15:01.653,1.5783,1.5788,1.13,1.13
2012.02.10 09:15:01.961,1.57832,1.5788,1.13,1.13
2012.02.10 09:15:02.150,1.57834,1.5788,1.12,1.13
2012.02.10 09:15:02.280,1.57836,1.5788,1.13,1.13
2012.02.10 09:15:02.830,1.57836,1.5788,1.13,1.13
2012.02.10 09:15:03.505,1.57839,1.5788,1.50,1.13
2012.02.10 09:15:03.808,1.5784,1.57885,1.50,1.50
2012.02.10 09:15:03.962,1.5784,1.57885,1.50,1.50
2012.02.10 09:15:04.400,1.57838,1.57886,1.50,1.50
2012.02.10 09:15:04.739,1.57839,1.57886,1.50,1.50
2012.02.10 09:15:06.168,1.57839,1.57886,1.50,1.50
2012.02.10 09:15:08.430,1.57843,1.57892,1.12,1.50
2012.02.10 09:15:08.498,1.57843,1.57892,1.87,1.50
2012.02.10 09:15:09.290,1.57842,1.57891,1.50,1.50
2012.02.10 09:15:09.361,1.57844,1.57891,1.50,1.50
2012.02.10 09:15:10.555,1.57842,1.57893,1.50,1.50
2012.02.10 09:15:10.879,1.57841,1.57893,1.13,1.50
2012.02.10 09:15:13.342,1.57841,1.57894,1.13,1.50
2012.02.10 09:15:13.658,1.57841,1.57895,1.13,1.09
2012.02.10 09:15:13.940,1.57841,1.57894,1.13,1.50
2012.02.10 09:15:14.898,1.57841,1.57895,1.13,1.09
2012.02.10 09:15:15.280,1.57841,1.57893,1.13,1.50
2012.02.10 09:15:16.201,1.57841,1.57893,1.87,1.50
2012.02.10 09:15:17.612,1.57841,1.57889,1.12,1.50
2012.02.10 09:15:19.220,1.5784,1.57889,1.12,1.50
2012.02.10 09:15:19.764,1.57841,1.57889,1.12,1.50
2012.02.10 09:15:21.373,1.57836,1.57889,2.25,1.50
2012.02.10 09:15:22.140,1.57836,1.57885,1.50,1.50
2012.02.10 09:15:22.716,1.57837,1.57888,1.13,1.50
2012.02.10 09:15:23.155,1.57836,1.57885,1.50,1.50
2012.02.10 09:15:23.955,1.57836,1.57889,2.25,1.50
2012.02.10 09:15:24.936,1.57836,1.57885,1.50,1.50
2012.02.10 09:15:25.444,1.57837,1.57883,1.12,1.28
2012.02.10 09:15:28.168,1.57836,1.57889,1.50,1.50
2012.02.10 09:15:28.699,1.57836,1.57879,1.50,1.13
2012.02.10 09:15:31.486,1.57836,1.57879,1.50,1.13
2012.02.10 09:15:33.309,1.57841,1.57879,1.13,1.13
2012.02.10 09:15:33.399,1.57841,1.57879,1.13,1.13
2012.02.10 09:15:33.470,1.57841,1.57879,1.13,1.13
2012.02.10 09:15:34.040,1.57841,1.5788,1.47,1.13
2012.02.10 09:15:35.523,1.57837,1.57883,2.59,1.50
2012.02.10 09:15:37.217,1.57837,1.57883,1.84,1.50
2012.02.10 09:15:37.357,1.57837,1.57879,2.25,1.09
2012.02.10 09:15:37.777,1.57837,1.57885,2.97,1.10
2012.02.10 09:15:38.464,1.57845,1.57889,1.84,1.29
2012.02.10 09:15:38.534,1.57845,1.57889,1.84,1.28
2012.02.10 09:15:41.023,1.57845,1.57889,1.84,1.28
2012.02.10 09:15:41.392,1.57845,1.57889,1.84,1.28
2012.02.10 09:15:43.082,1.57841,1.57889,2.21,1.62
2012.02.10 09:15:45.022,1.57841,1.57889,1.47,1.62
2012.02.10 09:15:45.619,1.57841,1.57889,2.21,1.62
2012.02.10 09:15:46.390,1.57846,1.57889,1.84,1.28
2012.02.10 09:15:46.923,1.57846,1.57889,1.84,1.28
2012.02.10 09:15:47.443,1.57846,1.57889,1.84,1.28
2012.02.10 09:15:49.860,1.57846,1.57889,1.84,1.28
2012.02.10 09:15:50.642,1.57846,1.57889,1.84,1.28
2012.02.10 09:15:51.615,1.57839,1.57886,1.46,1.50
2012.02.10 09:15:52.161,1.57838,1.57886,1.12,1.09
2012.02.10 09:15:52.439,1.57831,1.57879,1.50,1.50
2012.02.10 09:15:53.093,1.5783,1.57879,1.87,1.50
2012.02.10 09:15:54.710,1.57836,1.57889,1.84,1.50
2012.02.10 09:15:56.599,1.57841,1.57889,1.13,1.13
2012.02.10 09:15:58.238,1.57836,1.57883,1.09,1.50
2012.02.10 09:15:58.683,1.57837,1.57884,1.46,1.50
2012.02.10 09:16:00.268,1.57841,1.57889,1.47,1.47
2012.02.10 09:16:01.541,1.57841,1.57889,1.47,1.47
2012.02.10 09:16:02.186,1.57841,1.57889,1.47,1.47
2012.02.10 09:16:02.707,1.57842,1.57889,1.13,1.09
2012.02.10 09:16:03.237,1.57842,1.57889,1.13,1.09
2012.02.10 09:16:07.149,1.57838,1.57888,1.46,1.50
2012.02.10 09:16:08.495,1.57838,1.57887,1.12,1.50
2012.02.10 09:16:09.220,1.57838,1.57887,1.12,1.50
2012.02.10 09:16:09.283,1.57838,1.57888,1.12,1.50
2012.02.10 09:16:10.785,1.57841,1.57891,1.13,1.85
2012.02.10 09:16:11.517,1.57839,1.57888,1.12,1.50
2012.02.10 09:16:12.164,1.57842,1.57893,1.09,1.50
2012.02.10 09:16:13.369,1.57842,1.57893,1.09,1.50
2012.02.10 09:16:15.020,1.57842,1.5789,1.13,1.09
2012.02.10 09:16:19.999,1.57839,1.57886,1.12,1.50
2012.02.10 09:16:20.071,1.57839,1.57886,1.12,1.50
2012.02.10 09:16:20.202,1.57842,1.57888,1.13,1.29
2012.02.10 09:16:20.449,1.57841,1.57886,1.12,1.50
2012.02.10 09:16:21.176,1.57839,1.57889,1.12,2.03
2012.02.10 09:16:22.473,1.57838,1.57889,1.12,2.03
2012.02.10 09:16:24.600,1.57841,1.5789,1.13,1.09
2012.02.10 09:16:25.259,1.57837,1.57889,1.50,1.50
2012.02.10 09:16:25.809,1.57842,1.57887,1.47,1.20
2012.02.10 09:16:26.830,1.57837,1.57886,2.62,1.09
2012.02.10 09:16:28.340,1.57838,1.57886,1.12,1.09
2012.02.10 09:16:37.460,1.57844,1.57886,1.13,1.09
2012.02.10 09:16:37.769,1.57844,1.57889,3.00,1.09
2012.02.10 09:16:38.220,1.57844,1.57891,1.87,1.09
2012.02.10 09:16:38.469,1.57844,1.57896,1.13,1.65
2012.02.10 09:16:39.008,1.57844,1.57896,3.37,1.65
2012.02.10 09:16:40.237,1.57844,1.57896,2.63,1.65
2012.02.10 09:16:40.745,1.57844,1.57896,3.37,1.65
2012.02.10 09:16:41.250,1.57844,1.57896,2.63,1.65
2012.02.10 09:16:42.624,1.57844,1.57896,3.37,1.65
2012.02.10 09:16:45.196,1.57844,1.57896,2.63,1.65
2012.02.10 09:16:45.974,1.57844,1.57892,2.63,1.09
2012.02.10 09:16:48.738,1.57844,1.57892,3.00,1.09
2012.02.10 09:16:48.800,1.57844,1.57892,3.00,1.09
2012.02.10 09:16:49.898,1.57844,1.57901,3.00,1.50
2012.02.10 09:16:50.609,1.57844,1.57901,3.75,1.50
2012.02.10 09:16:51.129,1.57844,1.57898,2.25,1.50
2012.02.10 09:16:52.748,1.57844,1.57898,3.00,1.50
2012.02.10 09:16:53.640,1.57843,1.57898,3.00,1.50
2012.02.10 09:16:54.472,1.57844,1.57895,1.50,1.09
2012.02.10 09:16:54.548,1.57838,1.57889,1.12,1.50
2012.02.10 09:16:55.247,1.57842,1.57893,1.13,1.50
2012.02.10 09:16:56.424,1.57838,1.57888,1.46,1.50
2012.02.10 09:16:57.025,1.57839,1.57888,1.46,1.50
2012.02.10 09:16:59.197,1.57841,1.57894,1.13,1.88
2012.02.10 09:17:00.739,1.57842,1.57894,1.12,1.88
2012.02.10 09:17:00.811,1.57845,1.57894,1.50,1.13
2012.02.10 09:17:02.319,1.57846,1.57898,1.50,1.09
2012.02.10 09:17:09.108,1.57845,1.57898,1.50,1.09
2012.02.10 09:17:10.579,1.57845,1.57898,1.50,1.09
2012.02.10 09:17:11.211,1.57847,1.57895,1.09,1.09
2012.02.10 09:17:11.758,1.57847,1.57895,1.09,1.09
2012.02.10 09:17:12.539,1.5785,1.57895,1.09,1.09
2012.02.10 09:17:13.255,1.5785,1.57895,1.09,1.09
2012.02.10 09:17:14.386,1.5785,1.57895,1.09,1.09
2012.02.10 09:17:16.242,1.5785,1.57897,1.09,1.09
2012.02.10 09:17:22.938,1.57849,1.57895,1.09,1.09
2012.02.10 09:17:23.060,1.57844,1.57888,1.13,1.09
2012.02.10 09:17:23.779,1.57842,1.57888,1.12,1.47
2012.02.10 09:17:24.209,1.57843,1.57893,2.25,1.50
2012.02.10 09:17:24.282,1.57843,1.57891,2.25,1.50
2012.02.10 09:17:24.591,1.57844,1.57893,1.13,1.50
2012.02.10 09:17:24.898,1.57847,1.57896,1.50,1.09
2012.02.10 09:17:25.199,1.57851,1.57896,1.50,1.09
2012.02.10 09:17:25.861,1.57852,1.57896,1.50,1.09
2012.02.10 09:17:26.220,1.57851,1.57896,1.50,1.09
2012.02.10 09:17:26.660,1.57851,1.57896,1.50,1.09
2012.02.10 09:17:27.179,1.57847,1.57896,1.50,1.09
2012.02.10 09:17:28.740,1.57846,1.57896,1.50,1.09
2012.02.10 09:17:28.870,1.57846,1.57896,1.50,1.09
2012.02.10 09:17:29.954,1.57852,1.57896,1.50,1.09
2012.02.10 09:17:31.092,1.57851,1.579,1.50,1.13
2012.02.10 09:17:31.847,1.57849,1.57899,1.50,1.50
2012.02.10 09:17:33.354,1.57851,1.57901,1.50,1.13
2012.02.10 09:17:36.580,1.57846,1.57899,1.84,1.50
2012.02.10 09:17:36.655,1.57845,1.57894,1.09,1.50
2012.02.10 09:17:38.104,1.57846,1.57899,1.09,1.50
2012.02.10 09:17:38.319,1.57846,1.57899,1.09,1.50
2012.02.10 09:17:39.203,1.57844,1.57893,1.09,1.50
2012.02.10 09:17:39.786,1.57846,1.57899,1.09,1.50
2012.02.10 09:17:41.400,1.57846,1.57901,1.09,1.89
2012.02.10 09:17:41.588,1.57848,1.57898,1.50,1.50
2012.02.10 09:17:42.333,1.57848,1.57893,1.50,1.09
2012.02.10 09:17:42.404,1.57845,1.57893,1.09,1.09
2012.02.10 09:17:42.962,1.57848,1.57893,2.25,1.09
2012.02.10 09:17:43.309,1.57851,1.57898,1.09,1.09
2012.02.10 09:17:43.443,1.5786,1.57898,1.13,1.09
2012.02.10 09:17:43.759,1.57858,1.579,1.46,1.13
2012.02.10 09:17:46.246,1.57857,1.579,1.13,1.13
2012.02.10 09:17:46.898,1.57857,1.579,1.13,1.13
2012.02.10 09:17:52.416,1.57854,1.579,1.84,1.13
2012.02.10 09:17:52.537,1.57854,1.579,1.09,1.13
2012.02.10 09:17:52.659,1.57854,1.57901,1.09,1.13
2012.02.10 09:17:53.212,1.5786,1.57901,1.13,1.13
2012.02.10 09:17:53.812,1.57857,1.57901,1.13,1.13
2012.02.10 09:17:55.561,1.57852,1.57901,1.09,1.13
2012.02.10 09:17:56.070,1.57851,1.57901,1.50,1.13
2012.02.10 09:17:56.590,1.57851,1.57901,1.50,1.13
2012.02.10 09:17:56.659,1.57852,1.57901,1.50,1.13
2012.02.10 09:17:57.334,1.57855,1.57901,1.84,1.13
2012.02.10 09:17:58.255,1.57855,1.57901,1.09,1.13
2012.02.10 09:17:58.835,1.57854,1.57901,1.84,1.13
2012.02.10 09:17:59.658,1.57855,1.57901,1.09,1.13
2012.02.10 09:18:00.220,1.57855,1.57901,1.09,1.13
2012.02.10 09:18:00.789,1.57855,1.57901,1.09,1.13
2012.02.10 09:18:01.416,1.57854,1.57901,1.09,1.13
2012.02.10 09:18:02.725,1.57854,1.57903,1.09,1.13
2012.02.10 09:18:06.223,1.57853,1.57901,1.84,1.13
2012.02.10 09:18:06.468,1.57854,1.57901,1.09,1.13
2012.02.10 09:18:06.609,1.57854,1.57903,1.09,1.13
2012.02.10 09:18:08.149,1.57855,1.57906,1.09,1.84
2012.02.10 09:18:09.747,1.57854,1.57904,1.09,1.13
2012.02.10 09:18:09.934,1.57854,1.57901,1.09,1.13
2012.02.10 09:18:10.241,1.5786,1.57901,1.84,1.13
2012.02.10 09:18:10.868,1.57862,1.57905,1.09,1.14
2012.02.10 09:18:11.502,1.57862,1.57905,1.09,1.50
2012.02.10 09:18:12.230,1.57859,1.57905,1.12,1.50
2012.02.10 09:18:12.430,1.57859,1.57906,1.13,1.50
2012.02.10 09:18:14.569,1.57858,1.57902,1.87,1.13
2012.02.10 09:18:14.882,1.57859,1.57903,1.50,1.13
2012.02.10 09:18:15.658,1.57859,1.57902,1.50,1.13
2012.02.10 09:18:16.955,1.57859,1.57902,2.25,1.13
2012.02.10 09:18:21.759,1.57854,1.57903,1.50,1.47
2012.02.10 09:18:21.950,1.57855,1.57902,1.50,1.47
2012.02.10 09:18:22.259,1.57858,1.57902,1.50,1.47
2012.02.10 09:18:22.697,1.5786,1.57905,1.50,1.09
2012.02.10 09:18:28.900,1.57864,1.57909,2.59,1.50
2012.02.10 09:18:29.031,1.57866,1.5791,1.09,1.50
2012.02.10 09:18:29.954,1.57863,1.57909,1.09,1.50
2012.02.10 09:18:30.028,1.57871,1.57917,1.09,1.14
2012.02.10 09:18:31.324,1.57869,1.57917,2.22,1.13
2012.02.10 09:18:32.373,1.57869,1.57919,1.84,1.95
2012.02.10 09:18:32.452,1.57868,1.57915,1.84,1.09
2012.02.10 09:18:32.760,1.57867,1.57916,1.09,1.09
2012.02.10 09:18:32.978,1.57868,1.57915,1.84,1.10
2012.02.10 09:18:33.709,1.57868,1.57915,1.84,1.09
2012.02.10 09:18:34.355,1.57871,1.57926,1.50,2.25
2012.02.10 09:18:34.424,1.57871,1.57926,1.50,2.25
2012.02.10 09:18:34.970,1.57872,1.57926,1.50,1.14
2012.02.10 09:18:35.453,1.57873,1.57926,1.13,1.13
2012.02.10 09:18:35.640,1.57879,1.57925,1.50,1.13
2012.02.10 09:18:35.771,1.57878,1.57925,1.50,1.13
2012.02.10 09:18:36.856,1.57879,1.5792,1.50,1.84
2012.02.10 09:18:37.044,1.57878,1.5792,1.50,1.84
2012.02.10 09:18:37.231,1.57871,1.57918,3.00,1.09
2012.02.10 09:18:37.302,1.57871,1.57919,3.34,1.09
2012.02.10 09:18:37.493,1.57873,1.57919,1.09,1.09
2012.02.10 09:18:38.350,1.57867,1.57913,1.12,1.09
2012.02.10 09:18:38.464,1.57867,1.57917,1.13,1.14
2012.02.10 09:18:38.960,1.57862,1.57917,1.84,1.14
2012.02.10 09:18:39.030,1.57862,1.57917,1.09,1.51
2012.02.10 09:18:39.158,1.57864,1.57917,1.09,1.51
2012.02.10 09:18:39.660,1.57862,1.57918,1.50,1.14
2012.02.10 09:18:40.252,1.57861,1.57918,1.50,1.13
2012.02.10 09:18:40.946,1.57862,1.57918,1.50,1.14
2012.02.10 09:18:41.299,1.57865,1.57917,1.13,1.13
2012.02.10 09:18:41.483,1.57866,1.57917,1.50,1.13
2012.02.10 09:18:42.379,1.57865,1.57917,1.13,1.13
2012.02.10 09:18:42.460,1.57865,1.57917,1.50,1.13
2012.02.10 09:18:43.798,1.57866,1.57917,1.50,1.13
2012.02.10 09:18:44.579,1.57867,1.57917,1.50,1.13
2012.02.10 09:18:45.276,1.57864,1.57914,2.25,1.50
2012.02.10 09:18:45.783,1.57864,1.57914,2.62,1.50
2012.02.10 09:18:46.049,1.57864,1.57914,1.50,1.50
2012.02.10 09:18:47.154,1.5787,1.57919,1.09,1.84
2012.02.10 09:18:47.282,1.57872,1.57919,1.13,1.09
2012.02.10 09:18:48.005,1.57872,1.57919,1.13,1.09
2012.02.10 09:18:52.852,1.57871,1.57919,1.50,1.09
2012.02.10 09:18:53.221,1.57869,1.57918,1.09,1.95
2012.02.10 09:18:53.679,1.57864,1.57916,3.00,1.09
2012.02.10 09:18:54.577,1.57868,1.57918,1.50,1.09
2012.02.10 09:18:55.134,1.57869,1.57916,1.50,1.09
2012.02.10 09:18:56.341,1.57869,1.57916,1.50,1.09
2012.02.10 09:18:56.994,1.57869,1.57919,1.84,1.50
2012.02.10 09:18:58.361,1.57871,1.5792,1.09,1.09
2012.02.10 09:18:59.064,1.57871,1.5792,1.47,1.09
2012.02.10 09:18:59.750,1.57876,1.57924,1.09,1.13
2012.02.10 09:19:02.582,1.57873,1.57919,1.84,1.50
2012.02.10 09:19:02.769,1.57872,1.57918,1.50,1.09
2012.02.10 09:19:03.564,1.57872,1.57918,1.13,1.09
2012.02.10 09:19:04.453,1.57872,1.57918,1.50,1.09
2012.02.10 09:19:05.980,1.57872,1.57918,1.13,1.09
2012.02.10 09:19:06.510,1.57871,1.57918,1.09,1.09
2012.02.10 09:19:07.385,1.57871,1.57918,1.09,1.09
2012.02.10 09:19:08.467,1.57869,1.57918,1.84,1.09
2012.02.10 09:19:09.460,1.57871,1.57918,1.09,1.09
2012.02.10 09:19:10.152,1.5787,1.57918,1.09,1.09
2012.02.10 09:19:12.012,1.57871,1.57918,1.09,1.09
2012.02.10 09:19:12.519,1.5787,1.57918,1.09,1.84
2012.02.10 09:19:12.889,1.57871,1.57918,1.47,1.09
2012.02.10 09:19:13.125,1.57871,1.57918,1.47,1.09
2012.02.10 09:19:13.312,1.57867,1.57916,1.09,1.50
2012.02.10 09:19:13.498,1.57867,1.57918,1.84,1.84
2012.02.10 09:19:13.559,1.57867,1.57916,1.09,1.50
2012.02.10 09:19:14.294,1.57866,1.57913,1.84,1.50
2012.02.10 09:19:14.796,1.57866,1.57913,1.84,1.50
2012.02.10 09:19:15.334,1.57866,1.57913,1.84,1.50
2012.02.10 09:19:16.841,1.57871,1.57918,1.09,1.47
2012.02.10 09:19:18.760,1.57871,1.57924,1.50,1.88
2012.02.10 09:19:19.341,1.5787,1.57919,1.12,1.50
2012.02.10 09:19:19.470,1.57869,1.57917,2.25,1.84
2012.02.10 09:19:19.952,1.57867,1.57917,1.50,1.84
2012.02.10 09:19:20.141,1.57865,1.57912,1.87,1.09
2012.02.10 09:19:21.037,1.57865,1.57913,1.09,1.50
2012.02.10 09:19:21.107,1.57865,1.57912,1.09,1.50
2012.02.10 09:19:21.530,1.57863,1.57911,1.12,1.13
2012.02.10 09:19:22.610,1.57853,1.57902,1.09,1.13
2012.02.10 09:19:22.719,1.57857,1.57901,1.12,1.51
2012.02.10 09:19:23.031,1.57858,1.57902,1.47,1.14
2012.02.10 09:19:23.100,1.57858,1.57902,1.13,1.14
2012.02.10 09:19:23.634,1.57857,1.57902,2.25,1.13
2012.02.10 09:19:27.575,1.57858,1.57902,2.25,1.13
2012.02.10 09:19:28.083,1.57858,1.57901,2.25,1.28
2012.02.10 09:19:28.471,1.57858,1.57901,2.59,1.28
2012.02.10 09:19:29.385,1.57852,1.57901,1.50,1.13
2012.02.10 09:19:29.696,1.57852,1.57901,1.50,1.13
2012.02.10 09:19:29.942,1.57851,1.57899,1.50,1.50
2012.02.10 09:19:30.506,1.57851,1.57901,1.50,1.47
2012.02.10 09:19:31.253,1.57851,1.57902,1.50,1.47
2012.02.10 09:19:31.441,1.5785,1.57901,1.84,1.47
2012.02.10 09:19:31.961,1.57844,1.57893,1.46,1.09
2012.02.10 09:19:32.211,1.57847,1.57896,2.59,1.50
2012.02.10 09:19:32.531,1.57847,1.57898,1.50,1.50
2012.02.10 09:19:33.408,1.57843,1.5789,2.25,1.50
2012.02.10 09:19:33.671,1.57842,1.57894,1.46,1.50
2012.02.10 09:19:34.313,1.57842,1.57891,1.46,1.50
2012.02.10 09:19:35.476,1.57843,1.57893,1.87,1.50
2012.02.10 09:19:35.993,1.57844,1.57893,1.50,1.50
2012.02.10 09:19:36.691,1.57845,1.57899,1.50,1.50
2012.02.10 09:19:37.205,1.57846,1.57899,1.50,1.50
2012.02.10 09:19:38.499,1.57849,1.57899,1.09,1.50
2012.02.10 09:19:38.705,1.57849,1.57897,1.50,1.50
2012.02.10 09:19:39.243,1.57843,1.57896,1.46,1.50
2012.02.10 09:19:42.168,1.57847,1.57898,1.50,1.50
2012.02.10 09:19:42.350,1.57843,1.57896,1.46,1.50
2012.02.10 09:19:42.992,1.57843,1.57897,1.84,1.50
2012.02.10 09:19:43.060,1.57843,1.57894,1.84,1.50
2012.02.10 09:19:43.798,1.57845,1.57898,1.50,1.50
2012.02.10 09:19:45.235,1.57843,1.57893,1.84,1.50
2012.02.10 09:19:46.039,1.57845,1.57899,1.50,1.51
2012.02.10 09:19:46.560,1.57843,1.57894,1.46,1.50
2012.02.10 09:19:46.631,1.57844,1.57898,1.50,1.50
2012.02.10 09:19:47.002,1.57843,1.57893,1.46,1.50
2012.02.10 09:19:48.075,1.57843,1.57893,1.46,1.50
2012.02.10 09:19:49.486,1.57843,1.57892,1.12,1.50
2012.02.10 09:19:50.409,1.57843,1.57893,1.12,1.50
2012.02.10 09:19:50.871,1.57843,1.57893,1.12,1.50
2012.02.10 09:19:51.195,1.57843,1.57892,1.12,1.50
2012.02.10 09:19:52.583,1.57843,1.57893,1.12,1.50
2012.02.10 09:19:52.769,1.57843,1.57893,1.12,1.50
2012.02.10 09:19:52.831,1.57843,1.57897,1.12,1.50
2012.02.10 09:19:53.441,1.57847,1.57898,1.50,1.50
2012.02.10 09:19:54.002,1.57849,1.57898,1.12,1.50
2012.02.10 09:19:54.648,1.5785,1.57898,1.12,1.50
2012.02.10 09:19:55.386,1.57843,1.57896,1.12,1.09
2012.02.10 09:19:55.628,1.57846,1.57897,1.50,1.09
2012.02.10 09:19:56.644,1.57843,1.57896,1.50,1.09
2012.02.10 09:19:57.170,1.57849,1.57896,1.12,1.09
2012.02.10 09:19:59.993,1.5785,1.57896,1.12,1.09
2012.02.10 09:20:00.785,1.57843,1.57896,1.12,1.09
2012.02.10 09:20:01.170,1.57843,1.57893,1.12,1.50
2012.02.10 09:20:01.467,1.57843,1.57891,1.12,1.50
2012.02.10 09:20:02.094,1.57843,1.57892,1.12,1.50
2012.02.10 09:20:04.083,1.57843,1.5789,1.12,1.50
2012.02.10 09:20:04.212,1.57843,1.5789,1.12,1.50
2012.02.10 09:20:05.095,1.57843,1.57896,1.87,1.85
2012.02.10 09:20:05.429,1.57838,1.57894,1.09,1.14
2012.02.10 09:20:06.710,1.57832,1.5789,1.50,1.51
2012.02.10 09:20:06.898,1.57832,1.57884,1.50,1.51
2012.02.10 09:20:07.141,1.57836,1.57889,1.50,1.51
2012.02.10 09:20:07.950,1.57836,1.57889,1.50,1.51
2012.02.10 09:20:08.504,1.57836,1.57889,1.87,1.50
2012.02.10 09:20:09.026,1.57837,1.57888,1.50,1.50
2012.02.10 09:20:09.151,1.57838,1.57891,1.50,1.51
2012.02.10 09:20:09.915,1.57838,1.57888,1.50,1.50
2012.02.10 09:20:10.895,1.57839,1.57894,2.25,1.50
2012.02.10 09:20:13.056,1.57839,1.57894,1.50,1.50
2012.02.10 09:20:13.119,1.57838,1.57889,1.50,1.50
2012.02.10 09:20:13.731,1.57838,1.57889,1.50,1.50
2012.02.10 09:20:14.053,1.57838,1.57893,2.25,1.50
2012.02.10 09:20:14.701,1.57838,1.57889,1.50,1.50
2012.02.10 09:20:16.377,1.57838,1.57889,1.50,1.50
2012.02.10 09:20:16.937,1.57839,1.57894,2.25,1.50
2012.02.10 09:20:18.095,1.57838,1.57894,2.25,1.50
2012.02.10 09:20:18.609,1.57839,1.57889,1.50,1.13
2012.02.10 09:20:19.297,1.57838,1.57889,1.50,1.13
2012.02.10 09:20:19.547,1.57837,1.57888,1.50,1.50
2012.02.10 09:20:20.596,1.57838,1.57889,1.50,1.13
2012.02.10 09:20:21.436,1.57837,1.57889,1.50,1.13
2012.02.10 09:20:21.700,1.57837,1.57888,1.50,1.50
2012.02.10 09:20:22.940,1.57837,1.57884,1.50,1.13
2012.02.10 09:20:24.825,1.57838,1.57884,1.50,1.13
2012.02.10 09:20:25.366,1.57838,1.57884,1.50,1.13
2012.02.10 09:20:26.016,1.57831,1.57878,2.25,1.85
2012.02.10 09:20:26.094,1.57827,1.57873,1.50,1.13
2012.02.10 09:20:26.161,1.57827,1.57873,1.50,1.13
2012.02.10 09:20:26.929,1.57824,1.57872,1.50,1.13
2012.02.10 09:20:27.056,1.57823,1.57872,1.46,1.13
2012.02.10 09:20:27.598,1.57825,1.57873,1.50,1.13
2012.02.10 09:20:28.399,1.57821,1.57872,1.09,1.50
2012.02.10 09:20:29.163,1.57821,1.57872,1.09,1.50
2012.02.10 09:20:30.505,1.57818,1.57864,1.09,1.50
2012.02.10 09:20:31.007,1.57818,1.57864,1.09,1.88
2012.02.10 09:20:31.201,1.57814,1.57864,1.87,1.88
2012.02.10 09:20:33.174,1.57814,1.57863,1.87,1.50
2012.02.10 09:20:33.244,1.57814,1.57863,1.87,1.50
2012.02.10 09:20:33.496,1.57814,1.57858,1.12,1.50
2012.02.10 09:20:34.545,1.57811,1.57864,1.13,2.26
2012.02.10 09:20:34.615,1.57814,1.57864,2.62,1.50
2012.02.10 09:20:34.877,1.57814,1.57864,2.62,1.50
2012.02.10 09:20:35.596,1.57814,1.57871,2.62,1.50
2012.02.10 09:20:36.348,1.57817,1.57872,1.50,1.13
2012.02.10 09:20:37.972,1.57818,1.57872,1.50,1.13
2012.02.10 09:20:38.097,1.57817,1.57872,1.50,1.13
2012.02.10 09:20:38.935,1.57822,1.57872,1.50,1.13
2012.02.10 09:20:41.407,1.5782,1.57872,1.50,1.13
2012.02.10 09:20:41.477,1.5782,1.57872,1.50,1.13
2012.02.10 09:20:45.177,1.5782,1.57872,1.50,1.13
2012.02.10 09:20:46.283,1.57821,1.57872,1.50,1.13
2012.02.10 09:20:49.140,1.57818,1.57872,2.25,1.13
2012.02.10 09:20:51.394,1.57819,1.57872,1.50,1.13
2012.02.10 09:20:51.737,1.57824,1.57872,1.50,1.13
2012.02.10 09:20:52.221,1.57825,1.57872,1.50,1.13
2012.02.10 09:20:55.243,1.57824,1.57873,1.50,1.13
2012.02.10 09:20:55.312,1.57821,1.57872,1.50,1.14
2012.02.10 09:20:56.096,1.57821,1.57872,1.50,1.13
2012.02.10 09:20:56.410,1.57817,1.5787,1.84,1.50
2012.02.10 09:20:57.014,1.57821,1.57872,1.50,1.13
2012.02.10 09:20:57.552,1.57821,1.57873,1.50,1.13
2012.02.10 09:20:57.857,1.57821,1.57873,1.50,1.13
2012.02.10 09:20:58.586,1.57821,1.57873,1.50,1.13
2012.02.10 09:21:01.386,1.57818,1.5787,1.50,1.50
2012.02.10 09:21:02.142,1.57819,1.57869,1.50,1.50
2012.02.10 09:21:02.452,1.57818,1.57869,1.50,1.50
2012.02.10 09:21:02.996,1.57826,1.57873,2.21,1.13
2012.02.10 09:21:03.347,1.57829,1.57873,1.50,1.13
2012.02.10 09:21:05.430,1.57829,1.57875,1.50,1.13
2012.02.10 09:21:06.637,1.57828,1.57874,1.50,1.13
2012.02.10 09:21:10.480,1.57828,1.57874,1.50,1.13
2012.02.10 09:21:11.721,1.5783,1.57878,1.50,1.50
2012.02.10 09:21:11.849,1.57834,1.57881,1.12,1.50
2012.02.10 09:21:11.979,1.57834,1.57881,1.12,1.50
2012.02.10 09:21:12.288,1.57833,1.5788,1.12,1.50
2012.02.10 09:21:12.420,1.57833,1.57883,1.12,1.85
2012.02.10 09:21:13.147,1.57832,1.57883,1.87,1.84
2012.02.10 09:21:13.240,1.57832,1.57881,1.12,1.50
2012.02.10 09:21:16.347,1.57831,1.57879,1.09,1.50
2012.02.10 09:21:16.943,1.5783,1.57879,1.50,1.50
2012.02.10 09:21:17.690,1.57829,1.57879,1.50,1.50
2012.02.10 09:21:18.018,1.57832,1.57878,2.22,1.50
2012.02.10 09:21:18.166,1.57832,1.57879,2.22,1.50
2012.02.10 09:21:20.621,1.57837,1.57882,1.09,1.09
2012.02.10 09:21:21.013,1.57835,1.57883,1.46,1.09
2012.02.10 09:21:26.426,1.57834,1.57882,1.46,1.09
2012.02.10 09:21:26.928,1.57837,1.57882,1.09,1.09
2012.02.10 09:21:27.943,1.57839,1.57886,1.12,1.09
2012.02.10 09:21:28.014,1.57837,1.57886,1.84,1.09
2012.02.10 09:21:29.896,1.57839,1.57888,1.09,1.51
2012.02.10 09:21:33.986,1.57842,1.57889,1.09,1.20
2012.02.10 09:21:37.928,1.57842,1.57889,1.09,1.20
2012.02.10 09:21:38.680,1.57837,1.57886,1.50,1.09
2012.02.10 09:21:40.700,1.57837,1.57887,1.50,1.09
2012.02.10 09:21:40.769,1.57838,1.57887,1.50,1.09
2012.02.10 09:21:41.680,1.57842,1.57889,1.09,1.20
2012.02.10 09:21:42.938,1.57848,1.57894,1.84,1.13
2012.02.10 09:21:43.218,1.57848,1.57894,1.84,1.13
2012.02.10 09:21:43.745,1.57848,1.57894,1.84,1.13
2012.02.10 09:21:45.079,1.57848,1.57894,1.84,1.13
2012.02.10 09:21:45.786,1.57848,1.57894,1.84,1.13
2012.02.10 09:21:46.334,1.57848,1.57894,1.84,1.13
2012.02.10 09:21:46.503,1.57848,1.57894,1.84,1.13
2012.02.10 09:21:47.075,1.57852,1.57894,1.09,1.13
2012.02.10 09:21:47.873,1.57852,1.57894,1.09,1.13
2012.02.10 09:21:48.914,1.57852,1.57894,1.09,1.13
2012.02.10 09:21:50.119,1.57848,1.57894,1.84,1.13
2012.02.10 09:21:51.308,1.57848,1.57894,1.84,1.13
2012.02.10 09:21:53.614,1.57846,1.57893,1.84,1.09
2012.02.10 09:21:54.721,1.5785,1.57893,1.50,1.09
2012.02.10 09:21:55.524,1.57851,1.57898,1.50,2.22
2012.02.10 09:21:55.892,1.57851,1.579,1.84,1.84
2012.02.10 09:21:58.347,1.57854,1.57899,1.09,1.50
2012.02.10 09:21:58.418,1.57852,1.57899,1.84,1.50
2012.02.10 09:22:03.178,1.57854,1.579,1.09,1.84
2012.02.10 09:22:06.716,1.57852,1.57899,1.09,1.50
2012.02.10 09:22:06.838,1.57846,1.5789,1.50,1.84
2012.02.10 09:22:07.287,1.57843,1.57889,1.13,1.09
2012.02.10 09:22:08.237,1.57836,1.57882,1.12,2.37
2012.02.10 09:22:08.304,1.57839,1.57886,1.09,1.09
2012.02.10 09:22:08.369,1.57836,1.57885,1.46,1.50
2012.02.10 09:22:08.498,1.57836,1.57882,1.12,1.84
2012.02.10 09:22:09.043,1.57836,1.57882,1.12,1.84
2012.02.10 09:22:10.295,1.57837,1.57884,1.09,1.50
2012.02.10 09:22:10.374,1.57837,1.57885,1.50,1.09
2012.02.10 09:22:10.946,1.57837,1.57885,1.50,1.09
2012.02.10 09:22:11.448,1.57836,1.57884,1.12,1.50
2012.02.10 09:22:11.756,1.57836,1.57885,1.12,1.84
2012.02.10 09:22:12.465,1.57836,1.57884,1.12,1.50
2012.02.10 09:22:13.076,1.57836,1.57885,1.87,1.09
2012.02.10 09:22:13.588,1.57836,1.57884,1.87,1.09
2012.02.10 09:22:14.699,1.57836,1.57884,1.12,1.50
2012.02.10 09:22:15.407,1.57836,1.57885,1.12,1.50
2012.02.10 09:22:15.887,1.57835,1.5788,1.12,1.50
2012.02.10 09:22:16.416,1.57832,1.57874,1.50,1.13
2012.02.10 09:22:16.597,1.57828,1.57874,1.50,1.88
2012.02.10 09:22:17.497,1.57828,1.57874,1.50,1.47
2012.02.10 09:22:17.574,1.5782,1.57871,1.50,1.50
2012.02.10 09:22:18.098,1.57817,1.57868,1.50,1.50
2012.02.10 09:22:20.034,1.57821,1.57873,1.50,1.50
2012.02.10 09:22:20.097,1.57821,1.57874,1.50,1.47
2012.02.10 09:22:22.078,1.57821,1.57874,1.50,1.88
2012.02.10 09:22:23.163,1.5782,1.57874,1.50,1.88
2012.02.10 09:22:24.572,1.57821,1.57873,1.50,1.13
2012.02.10 09:22:25.087,1.57821,1.57874,1.50,1.13
2012.02.10 09:22:25.637,1.57821,1.57874,1.50,1.88
2012.02.10 09:22:27.729,1.57821,1.57874,1.50,1.13
2012.02.10 09:22:28.053,1.57823,1.57873,1.12,1.89
2012.02.10 09:22:28.359,1.57829,1.57873,2.62,1.50
2012.02.10 09:22:28.491,1.57829,1.57873,2.25,1.50
2012.02.10 09:22:29.190,1.57827,1.57874,1.50,1.13
2012.02.10 09:22:29.269,1.57831,1.57875,1.50,1.13
2012.02.10 09:22:29.689,1.57831,1.57875,1.50,1.13
2012.02.10 09:22:30.177,1.57835,1.57882,1.84,1.50
2012.02.10 09:22:32.151,1.57835,1.57882,1.84,1.50
2012.02.10 09:22:32.768,1.57835,1.5788,1.50,1.09
2012.02.10 09:22:33.580,1.57834,1.57879,1.50,1.51
2012.02.10 09:22:33.948,1.57828,1.57875,1.50,1.13
2012.02.10 09:22:34.846,1.57831,1.57875,2.62,1.13
2012.02.10 09:22:35.440,1.57834,1.57876,1.50,1.13
2012.02.10 09:22:39.447,1.57835,1.5788,1.50,1.09
2012.02.10 09:22:40.222,1.57836,1.5788,1.50,1.09
2012.02.10 09:22:41.183,1.57836,1.5788,1.50,1.09
2012.02.10 09:22:43.647,1.57836,1.57889,1.87,1.51
2012.02.10 09:22:43.720,1.57841,1.57891,1.09,1.89
2012.02.10 09:22:44.032,1.57841,1.57891,1.84,1.14
2012.02.10 09:22:44.699,1.57843,1.57897,2.25,1.13
2012.02.10 09:22:44.835,1.57844,1.57896,2.62,1.13
2012.02.10 09:22:45.207,1.57842,1.57891,1.50,2.59
2012.02.10 09:22:45.718,1.57843,1.5789,1.50,1.09
2012.02.10 09:22:45.787,1.57843,1.57895,1.50,1.10
2012.02.10 09:22:45.909,1.57843,1.57895,1.50,1.09
2012.02.10 09:22:45.981,1.57842,1.57889,1.09,1.13
2012.02.10 09:22:46.790,1.57838,1.57889,1.12,1.13
2012.02.10 09:22:46.859,1.57843,1.57891,1.50,2.64
2012.02.10 09:22:46.996,1.57842,1.57891,1.50,1.13
2012.02.10 09:22:47.062,1.57841,1.57888,1.50,1.13
2012.02.10 09:22:47.587,1.57838,1.57888,1.12,1.13
2012.02.10 09:22:48.759,1.57841,1.57888,1.50,1.13
2012.02.10 09:22:49.606,1.5784,1.57888,1.50,1.09
2012.02.10 09:22:50.029,1.57837,1.57888,1.12,1.09
2012.02.10 09:22:50.856,1.57837,1.57888,2.25,1.09
2012.02.10 09:22:50.916,1.57839,1.57888,1.50,1.09
2012.02.10 09:22:52.119,1.5784,1.57888,1.50,1.09
2012.02.10 09:22:52.565,1.5784,1.57888,1.50,1.09
2012.02.10 09:22:52.688,1.5784,1.57888,1.50,1.09
2012.02.10 09:22:55.612,1.57841,1.57894,1.13,1.50
2012.02.10 09:22:56.412,1.57843,1.57895,1.13,1.09
2012.02.10 09:22:58.236,1.57841,1.57894,1.13,1.51
2012.02.10 09:22:58.756,1.57843,1.57895,1.13,1.10
2012.02.10 09:22:59.978,1.57839,1.57889,1.50,1.84
2012.02.10 09:23:00.520,1.57837,1.57889,1.12,1.84
2012.02.10 09:23:00.700,1.57837,1.57888,1.12,1.50
2012.02.10 09:23:01.515,1.57833,1.57879,1.50,1.50
2012.02.10 09:23:02.008,1.57832,1.57878,1.09,1.13
2012.02.10 09:23:02.439,1.57835,1.57882,1.12,1.10
2012.02.10 09:23:03.223,1.57834,1.57883,1.87,2.59
2012.02.10 09:23:03.466,1.57835,1.57884,1.12,1.50
2012.02.10 09:23:04.048,1.57834,1.57884,1.12,1.50
2012.02.10 09:23:05.046,1.57831,1.57884,1.84,1.50
2012.02.10 09:23:08.418,1.57836,1.57887,1.13,1.51
2012.02.10 09:23:08.937,1.57836,1.57886,1.13,1.51
2012.02.10 09:23:11.305,1.57836,1.57886,1.13,1.50
2012.02.10 09:23:12.487,1.57836,1.57886,1.13,1.51
2012.02.10 09:23:13.055,1.57836,1.57887,1.13,1.51
2012.02.10 09:23:13.735,1.57836,1.57886,1.13,1.51
2012.02.10 09:23:15.615,1.57832,1.57883,1.50,1.50
2012.02.10 09:23:18.945,1.57832,1.57883,1.50,1.50
2012.02.10 09:23:20.028,1.57837,1.57884,1.13,1.14
2012.02.10 09:23:22.398,1.57831,1.57878,1.84,1.50
2012.02.10 09:23:23.248,1.5783,1.57879,1.50,1.50
2012.02.10 09:23:23.561,1.57825,1.57874,1.50,1.50
2012.02.10 09:23:26.707,1.57825,1.57874,1.87,1.50
2012.02.10 09:23:26.946,1.57829,1.57874,1.12,1.50
2012.02.10 09:23:27.510,1.57824,1.57873,1.09,2.25
2012.02.10 09:23:28.190,1.57827,1.57874,1.50,1.50
2012.02.10 09:23:30.538,1.5783,1.57876,1.13,1.50
2012.02.10 09:23:32.775,1.57831,1.57875,2.59,1.50
2012.02.10 09:23:34.649,1.57832,1.57881,1.84,1.50
2012.02.10 09:23:35.152,1.57833,1.5788,2.59,1.50
2012.02.10 09:23:35.987,1.57833,1.5788,1.50,1.50
2012.02.10 09:23:36.058,1.57832,1.5788,1.50,1.50
2012.02.10 09:23:36.684,1.57831,1.57884,1.87,1.50
2012.02.10 09:23:36.753,1.57834,1.57884,1.50,1.50
2012.02.10 09:23:36.820,1.57831,1.57886,1.87,1.96
2012.02.10 09:23:37.369,1.57831,1.57886,1.87,2.29
2012.02.10 09:23:37.955,1.57831,1.57886,1.87,2.30
2012.02.10 09:23:38.817,1.57831,1.57886,1.87,1.54
2012.02.10 09:23:39.376,1.57831,1.57884,1.87,1.50
2012.02.10 09:23:40.240,1.57831,1.57884,1.87,1.50
2012.02.10 09:23:40.781,1.57831,1.57884,1.87,1.51
2012.02.10 09:23:41.534,1.57831,1.57881,1.12,1.50
2012.02.10 09:23:41.657,1.57831,1.57884,1.87,2.26
2012.02.10 09:23:43.235,1.57831,1.57884,1.87,1.50
2012.02.10 09:23:44.313,1.57831,1.57884,1.87,1.51
2012.02.10 09:23:45.689,1.57831,1.57884,1.87,2.25
2012.02.10 09:23:45.954,1.57831,1.57884,1.87,1.51
2012.02.10 09:23:46.477,1.57831,1.57884,1.87,1.50
2012.02.10 09:23:46.855,1.57834,1.57884,1.12,2.26
2012.02.10 09:23:47.712,1.57833,1.57884,1.09,1.50
2012.02.10 09:23:48.045,1.57837,1.57887,1.50,1.50
2012.02.10 09:23:48.410,1.57836,1.57882,1.09,1.50
2012.02.10 09:23:48.540,1.57834,1.5788,1.09,1.09
2012.02.10 09:23:48.729,1.57832,1.57877,1.12,1.84
2012.02.10 09:23:50.318,1.57832,1.57882,1.12,1.09
2012.02.10 09:23:50.869,1.57832,1.57881,1.12,1.09
2012.02.10 09:23:51.008,1.57831,1.5788,1.87,1.09
2012.02.10 09:23:52.885,1.57832,1.5788,1.12,1.09
2012.02.10 09:23:52.953,1.57832,1.5788,1.13,1.09
2012.02.10 09:23:53.490,1.57832,1.5788,1.50,1.09
2012.02.10 09:23:55.726,1.57836,1.5788,1.50,1.09
2012.02.10 09:23:55.906,1.57832,1.5788,1.87,1.09
2012.02.10 09:23:57.639,1.57832,1.5788,1.87,1.09
2012.02.10 09:23:58.401,1.57836,1.5788,1.50,1.09
2012.02.10 09:23:58.560,1.57832,1.5788,1.12,1.09
2012.02.10 09:23:59.238,1.57833,1.5788,1.13,1.09
2012.02.10 09:24:00.006,1.57832,1.57883,2.97,1.50
2012.02.10 09:24:01.006,1.57836,1.5788,1.50,1.09
2012.02.10 09:24:01.507,1.57835,1.57888,1.09,1.55
2012.02.10 09:24:01.879,1.57836,1.57888,1.50,1.54
2012.02.10 09:24:02.341,1.57836,1.57888,1.50,2.29
2012.02.10 09:24:02.469,1.57837,1.57888,1.50,1.54
2012.02.10 09:24:04.470,1.57836,1.57888,1.50,1.54
2012.02.10 09:24:05.575,1.57836,1.5788,1.50,1.09
2012.02.10 09:24:06.776,1.57835,1.5788,1.46,1.09
2012.02.10 09:24:06.866,1.57835,1.5788,1.12,1.09
2012.02.10 09:24:07.769,1.57835,1.57885,1.13,2.64
2012.02.10 09:24:07.898,1.57836,1.5788,1.50,2.59
2012.02.10 09:24:08.742,1.57836,1.57882,1.09,1.62
2012.02.10 09:24:09.292,1.57836,1.57882,1.09,1.62
2012.02.10 09:24:09.736,1.57837,1.57882,1.09,1.28
2012.02.10 09:24:10.073,1.57839,1.57887,1.09,1.28
2012.02.10 09:24:10.585,1.57842,1.57887,1.50,1.28
2012.02.10 09:24:11.839,1.5784,1.57891,1.50,1.47
2012.02.10 09:24:11.968,1.57839,1.57888,1.09,1.50
2012.02.10 09:24:12.109,1.57839,1.57888,1.09,1.51
2012.02.10 09:24:12.442,1.57839,1.57885,1.09,1.50
2012.02.10 09:24:12.993,1.57839,1.57886,1.09,1.51
2012.02.10 09:24:13.056,1.57839,1.57888,1.09,1.50
2012.02.10 09:24:13.184,1.5784,1.57888,1.09,1.50
2012.02.10 09:24:13.739,1.57844,1.57889,1.09,1.50
2012.02.10 09:24:14.662,1.57844,1.57889,1.46,1.50
2012.02.10 09:24:14.965,1.57847,1.57896,1.50,1.50
2012.02.10 09:24:15.145,1.57847,1.57897,1.50,1.50
2012.02.10 09:24:15.228,1.57844,1.57891,1.09,1.13
2012.02.10 09:24:15.596,1.57844,1.57891,1.09,1.13
2012.02.10 09:24:16.358,1.57844,1.5789,1.09,1.50
2012.02.10 09:24:16.680,1.57848,1.57891,1.84,1.13
2012.02.10 09:24:16.997,1.57846,1.57896,1.50,1.50
2012.02.10 09:24:17.650,1.57845,1.57894,1.09,1.13
2012.02.10 09:24:18.526,1.57847,1.57894,1.12,1.13
2012.02.10 09:24:18.887,1.57847,1.57895,1.50,1.13
2012.02.10 09:24:19.306,1.57845,1.57894,1.09,1.13
2012.02.10 09:24:19.948,1.57847,1.57894,2.96,1.13
2012.02.10 09:24:20.842,1.57845,1.57894,1.09,1.13
2012.02.10 09:24:21.227,1.57845,1.57891,1.09,1.13
2012.02.10 09:24:21.747,1.57848,1.57893,1.09,1.13
2012.02.10 09:24:21.937,1.57846,1.57896,1.50,1.50
2012.02.10 09:24:22.488,1.57844,1.57893,1.09,1.13
2012.02.10 09:24:23.918,1.57844,1.57891,1.09,1.13
2012.02.10 09:24:24.100,1.57846,1.57895,1.50,1.13
2012.02.10 09:24:24.289,1.57848,1.57895,1.46,1.13
2012.02.10 09:24:24.836,1.57844,1.57894,1.09,1.13
2012.02.10 09:24:25.008,1.57844,1.57894,1.09,1.13
2012.02.10 09:24:25.897,1.57844,1.57891,1.09,1.13
2012.02.10 09:24:26.509,1.57851,1.57896,1.09,1.50
2012.02.10 09:24:26.698,1.57847,1.57896,1.50,1.50
2012.02.10 09:24:27.384,1.57844,1.57893,1.09,1.13
2012.02.10 09:24:28.618,1.57844,1.5789,1.09,1.13
2012.02.10 09:24:29.510,1.57844,1.5789,1.09,1.13
2012.02.10 09:24:29.975,1.57845,1.5789,1.50,1.13
2012.02.10 09:24:30.158,1.57844,1.5789,1.09,1.13
2012.02.10 09:24:31.058,1.57844,1.5789,1.09,1.13
2012.02.10 09:24:31.499,1.57845,1.57891,1.50,1.13
2012.02.10 09:24:32.222,1.57841,1.5789,1.50,1.09
2012.02.10 09:24:32.292,1.57841,1.57893,1.50,1.47
2012.02.10 09:24:32.698,1.57844,1.57893,1.50,1.47
2012.02.10 09:24:33.382,1.57847,1.57893,1.09,1.13
2012.02.10 09:24:34.822,1.57847,1.57892,1.09,1.13
2012.02.10 09:24:35.711,1.57848,1.57892,1.12,1.13
2012.02.10 09:24:36.019,1.57855,1.57899,1.09,1.50
2012.02.10 09:24:36.149,1.57855,1.57903,1.09,1.50
2012.02.10 09:24:36.996,1.57856,1.57905,1.84,1.09
2012.02.10 09:24:37.655,1.57856,1.57904,1.09,1.50
2012.02.10 09:24:38.363,1.57856,1.57905,1.84,1.09
2012.02.10 09:24:38.577,1.57861,1.57906,1.50,1.09
2012.02.10 09:24:39.226,1.57856,1.57907,1.84,1.09
2012.02.10 09:24:39.284,1.57856,1.57906,1.84,1.09
2012.02.10 09:24:40.536,1.57859,1.57909,1.09,1.50
2012.02.10 09:24:40.599,1.57859,1.57909,1.09,1.50
2012.02.10 09:24:40.900,1.57859,1.57906,1.09,1.50
2012.02.10 09:24:41.939,1.57859,1.57908,1.09,1.50
2012.02.10 09:24:42.627,1.57859,1.57906,1.09,1.50
2012.02.10 09:24:43.178,1.57863,1.57907,1.12,1.50
2012.02.10 09:24:43.246,1.57863,1.57909,1.12,1.50
2012.02.10 09:24:43.876,1.57858,1.57909,2.21,1.50
2012.02.10 09:24:45.061,1.57858,1.57909,2.21,1.50
2012.02.10 09:24:45.814,1.57858,1.57906,1.09,1.50
2012.02.10 09:24:45.883,1.57858,1.57909,1.09,1.50
2012.02.10 09:24:46.657,1.57858,1.57906,1.09,1.50
2012.02.10 09:24:46.799,1.57858,1.57908,1.09,1.50
2012.02.10 09:24:46.868,1.57858,1.57906,1.09,1.50
2012.02.10 09:24:47.051,1.57858,1.57909,1.09,1.50
2012.02.10 09:24:47.428,1.57858,1.57906,1.09,1.50
2012.02.10 09:24:48.166,1.57858,1.57907,1.09,1.50
2012.02.10 09:24:48.686,1.57858,1.57906,1.09,1.50
2012.02.10 09:24:48.997,1.57858,1.57906,1.09,1.50
2012.02.10 09:24:49.118,1.57858,1.57906,1.09,1.50
2012.02.10 09:24:49.246,1.57858,1.57907,1.09,1.50
2012.02.10 09:24:49.372,1.57858,1.57906,1.09,1.50
2012.02.10 09:24:49.499,1.57858,1.57908,1.09,1.50
2012.02.10 09:24:50.765,1.57858,1.57908,1.09,1.50
2012.02.10 09:24:51.758,1.57858,1.57908,1.09,1.50
2012.02.10 09:24:54.750,1.57858,1.57907,1.09,1.50
2012.02.10 09:24:54.912,1.57858,1.57909,1.09,1.50
2012.02.10 09:24:55.509,1.57858,1.57909,1.09,1.50
2012.02.10 09:24:55.640,1.57858,1.57909,1.09,1.50
2012.02.10 09:24:56.707,1.57858,1.57909,1.09,1.50
2012.02.10 09:25:00.897,1.57858,1.57909,1.09,1.50
2012.02.10 09:25:01.642,1.57858,1.57908,1.09,1.50
2012.02.10 09:25:02.178,1.57861,1.5791,1.50,1.09
2012.02.10 09:25:02.872,1.5786,1.5791,1.50,1.09
2012.02.10 09:25:02.939,1.57858,1.57908,1.09,1.50
2012.02.10 09:25:06.485,1.57858,1.57904,1.09,1.50
2012.02.10 09:25:07.406,1.57858,1.57904,1.09,1.50
2012.02.10 09:25:07.928,1.57858,1.57902,1.09,1.50
2012.02.10 09:25:08.129,1.57853,1.57901,1.12,1.09
2012.02.10 09:25:08.195,1.57853,1.57901,1.12,1.09
2012.02.10 09:25:08.436,1.57852,1.57895,1.12,1.50
2012.02.10 09:25:08.626,1.57846,1.57895,1.84,1.50
2012.02.10 09:25:08.747,1.57847,1.57897,1.50,1.28
2012.02.10 09:25:09.370,1.57848,1.57894,1.50,1.50
2012.02.10 09:25:09.850,1.57852,1.57898,2.22,1.50
2012.02.10 09:25:12.327,1.57852,1.57898,2.96,1.50
2012.02.10 09:25:12.689,1.57857,1.57903,1.09,1.50
2012.02.10 09:25:13.808,1.57861,1.57903,1.84,1.50
2012.02.10 09:25:15.467,1.57854,1.57901,1.12,1.50
2012.02.10 09:25:16.467,1.57854,1.57899,1.12,1.50
2012.02.10 09:25:16.868,1.57855,1.57904,1.12,1.50
2012.02.10 09:25:17.567,1.57855,1.57904,1.12,1.50
2012.02.10 09:25:18.318,1.57855,1.57904,1.12,1.50
2012.02.10 09:25:23.958,1.57855,1.57904,1.50,1.50
2012.02.10 09:25:24.817,1.57854,1.57898,1.12,1.50
2012.02.10 09:25:25.330,1.57855,1.57898,1.12,1.50
2012.02.10 09:25:25.516,1.57855,1.57904,1.50,1.50
2012.02.10 09:25:26.186,1.57855,1.57904,1.50,1.50
2012.02.10 09:25:27.547,1.57855,1.57904,1.50,1.50
2012.02.10 09:25:31.456,1.57855,1.57904,1.50,1.50
2012.02.10 09:25:34.214,1.57853,1.57904,1.09,1.50
2012.02.10 09:25:34.940,1.57851,1.57904,2.21,1.50
2012.02.10 09:25:35.010,1.57854,1.57904,1.50,1.50
2012.02.10 09:25:35.703,1.57854,1.57904,1.50,1.50
2012.02.10 09:25:36.316,1.57854,1.57904,1.50,1.50
2012.02.10 09:25:36.518,1.57854,1.57904,1.50,1.50
2012.02.10 09:25:37.260,1.57854,1.57904,1.50,1.50
2012.02.10 09:25:37.891,1.57846,1.57895,1.84,1.50
2012.02.10 09:25:38.551,1.57846,1.57895,1.84,1.50
2012.02.10 09:25:54.952,1.57844,1.5789,1.13,1.50
2012.02.10 09:25:56.744,1.57843,1.57892,1.50,1.09
2012.02.10 09:25:57.307,1.57844,1.57892,1.50,1.09
2012.02.10 09:25:58.312,1.57843,1.57892,1.50,1.09
2012.02.10 09:25:58.383,1.57843,1.57892,1.50,1.84
2012.02.10 09:25:59.178,1.57843,1.57892,1.50,1.09
2012.02.10 09:25:59.688,1.57846,1.57892,1.50,1.09
2012.02.10 09:26:00.933,1.57843,1.57892,1.50,1.09
2012.02.10 09:26:02.788,1.57844,1.57892,1.50,1.09
2012.02.10 09:26:06.625,1.57848,1.57898,1.09,2.63
2012.02.10 09:26:08.276,1.57848,1.57898,1.09,2.64
2012.02.10 09:26:09.307,1.57851,1.57901,1.87,1.09
2012.02.10 09:26:09.837,1.57847,1.57898,1.50,1.50
2012.02.10 09:26:10.772,1.57845,1.57892,1.50,1.50
2012.02.10 09:26:11.426,1.57845,1.57892,1.50,1.09
2012.02.10 09:26:11.747,1.57847,1.57898,1.50,2.26
2012.02.10 09:26:12.385,1.57851,1.57904,1.46,1.50
2012.02.10 09:26:13.180,1.57852,1.57905,1.13,1.89
2012.02.10 09:26:13.829,1.57851,1.57904,1.12,1.50
2012.02.10 09:26:14.531,1.57852,1.57904,1.12,1.50
2012.02.10 09:26:16.415,1.57852,1.57906,1.13,2.26
2012.02.10 09:26:17.290,1.57852,1.57906,1.87,2.26
2012.02.10 09:26:18.359,1.57851,1.57904,1.12,1.51
2012.02.10 09:26:18.940,1.57852,1.57899,1.12,1.50
2012.02.10 09:26:21.551,1.57851,1.579,1.12,1.50
2012.02.10 09:26:21.616,1.57852,1.57899,1.12,1.50
2012.02.10 09:26:21.978,1.57852,1.57899,1.12,1.50
2012.02.10 09:26:23.146,1.57852,1.57899,1.12,1.50
2012.02.10 09:26:24.448,1.57852,1.57899,1.12,1.50
2012.02.10 09:26:24.621,1.57852,1.57899,1.12,1.50
2012.02.10 09:26:25.851,1.57852,1.57899,1.12,1.50
2012.02.10 09:26:25.975,1.57852,1.57903,1.12,1.51
2012.02.10 09:26:27.023,1.57851,1.57904,1.12,1.50
2012.02.10 09:26:27.681,1.57852,1.57904,1.12,1.51
2012.02.10 09:26:28.236,1.57851,1.57905,1.87,1.50
2012.02.10 09:26:28.297,1.57852,1.57905,1.12,1.51
2012.02.10 09:26:31.074,1.57851,1.57903,1.12,1.50
2012.02.10 09:26:33.127,1.57852,1.57904,1.12,1.50
2012.02.10 09:26:35.705,1.57852,1.57905,1.13,1.89
2012.02.10 09:26:36.230,1.57852,1.57908,1.13,1.51
2012.02.10 09:26:36.831,1.57849,1.57904,1.12,1.51
2012.02.10 09:26:37.375,1.57851,1.57909,1.13,1.51
2012.02.10 09:26:39.937,1.57851,1.57898,1.12,1.50
2012.02.10 09:26:40.306,1.5785,1.57898,1.12,1.51
2012.02.10 09:26:40.366,1.5785,1.57897,1.12,1.50
2012.02.10 09:26:40.915,1.57846,1.57893,1.09,1.50
2012.02.10 09:26:46.486,1.57844,1.57893,1.50,1.50
2012.02.10 09:26:46.907,1.57849,1.57896,1.50,1.50
2012.02.10 09:26:47.216,1.57849,1.57899,1.50,1.51
2012.02.10 09:26:47.587,1.57854,1.57904,1.12,1.50
2012.02.10 09:26:48.754,1.57854,1.57904,1.12,1.51
2012.02.10 09:26:49.346,1.57854,1.57904,1.12,1.51
2012.02.10 09:26:49.586,1.57854,1.57902,1.12,1.50
2012.02.10 09:26:50.692,1.5785,1.57898,1.12,1.51
2012.02.10 09:26:50.801,1.57841,1.57894,1.50,1.84
2012.02.10 09:26:50.876,1.5784,1.57894,1.12,2.03
2012.02.10 09:26:51.123,1.57843,1.57898,1.12,1.50
2012.02.10 09:26:51.305,1.57843,1.57897,1.12,1.50
2012.02.10 09:26:51.613,1.57841,1.57897,1.12,1.50
2012.02.10 09:26:52.241,1.57837,1.57888,1.50,1.50
2012.02.10 09:26:52.497,1.57832,1.57888,1.50,1.50
2012.02.10 09:26:52.678,1.57828,1.57885,1.12,1.50
2012.02.10 09:26:52.752,1.57832,1.57883,1.12,1.50
2012.02.10 09:26:53.298,1.57828,1.57884,1.12,1.50
2012.02.10 09:26:53.962,1.57837,1.57888,1.50,1.50
2012.02.10 09:26:54.268,1.57839,1.57893,1.09,1.14
2012.02.10 09:26:54.817,1.57841,1.57893,1.50,1.88
2012.02.10 09:26:55.594,1.57842,1.57893,1.50,1.88
2012.02.10 09:26:55.701,1.57837,1.57889,1.46,1.50
2012.02.10 09:26:55.890,1.57837,1.57886,1.09,1.50
2012.02.10 09:26:56.198,1.57846,1.57893,1.09,1.14
2012.02.10 09:26:57.163,1.57848,1.57893,1.09,1.14
2012.02.10 09:26:57.481,1.57847,1.57893,1.84,1.13
2012.02.10 09:26:58.084,1.57844,1.57893,2.62,1.88
2012.02.10 09:26:58.854,1.57844,1.57893,2.62,1.88
2012.02.10 09:26:58.931,1.57844,1.57893,2.25,1.88
2012.02.10 09:26:59.412,1.57844,1.57892,1.12,1.50
2012.02.10 09:26:59.734,1.57843,1.57889,1.50,1.50
2012.02.10 09:27:00.463,1.5784,1.57888,1.09,1.50
2012.02.10 09:27:00.540,1.57843,1.57893,1.87,1.50
2012.02.10 09:27:00.791,1.57842,1.57893,1.50,1.50
2012.02.10 09:27:01.098,1.57847,1.57894,1.09,1.13
2012.02.10 09:27:01.415,1.57856,1.57898,1.13,1.13
2012.02.10 09:27:02.082,1.57856,1.57898,1.13,1.13
2012.02.10 09:27:03.975,1.5785,1.57894,1.12,1.13
2012.02.10 09:27:05.655,1.57851,1.57893,1.12,1.13
2012.02.10 09:27:05.725,1.57851,1.57897,1.50,1.14
2012.02.10 09:27:06.150,1.57851,1.57898,1.88,1.50
2012.02.10 09:27:06.698,1.57852,1.57899,1.50,1.50
2012.02.10 09:27:06.924,1.57844,1.57893,1.09,1.13
2012.02.10 09:27:07.577,1.57843,1.57894,1.12,1.47
2012.02.10 09:27:07.675,1.57838,1.5789,1.12,1.50
2012.02.10 09:27:07.739,1.57838,1.5789,1.12,1.50
2012.02.10 09:27:08.254,1.57835,1.57883,1.84,1.09
2012.02.10 09:27:08.318,1.57835,1.5788,1.46,1.09
2012.02.10 09:27:09.197,1.57835,1.5788,1.46,1.09
2012.02.10 09:27:09.708,1.57832,1.57883,1.47,1.50
2012.02.10 09:27:10.480,1.57832,1.57884,1.47,1.50
2012.02.10 09:27:12.068,1.57835,1.57887,1.13,1.20
2012.02.10 09:27:12.661,1.57832,1.57884,1.47,1.50
2012.02.10 09:27:13.276,1.5783,1.57883,1.09,1.28
2012.02.10 09:27:13.786,1.57827,1.57881,1.84,1.85
2012.02.10 09:27:14.028,1.57827,1.57881,1.84,1.09
2012.02.10 09:27:14.512,1.57827,1.57881,1.09,1.09
2012.02.10 09:27:14.783,1.57827,1.57881,2.59,1.85
2012.02.10 09:27:15.442,1.5783,1.57884,1.13,1.51
2012.02.10 09:27:15.632,1.57836,1.57884,1.09,1.51
2012.02.10 09:27:15.705,1.57836,1.57883,1.09,1.51
2012.02.10 09:27:16.007,1.57842,1.57893,1.50,1.88
2012.02.10 09:27:16.067,1.57842,1.57893,1.50,1.13
2012.02.10 09:27:16.355,1.57842,1.57897,1.50,1.13
2012.02.10 09:27:16.421,1.57842,1.57893,1.50,1.13
2012.02.10 09:27:17.066,1.57836,1.57893,1.47,1.13
2012.02.10 09:27:17.223,1.57836,1.57893,2.59,1.13
2012.02.10 09:27:17.355,1.57842,1.57893,1.13,1.13
2012.02.10 09:27:17.420,1.57837,1.57893,2.25,1.13
2012.02.10 09:27:18.172,1.57837,1.57893,1.13,1.13
2012.02.10 09:27:18.240,1.57837,1.57893,1.12,1.13
2012.02.10 09:27:18.989,1.57837,1.57893,1.13,1.13
2012.02.10 09:27:19.667,1.57837,1.57893,1.12,1.13
2012.02.10 09:27:19.725,1.57837,1.57893,1.12,1.13
2012.02.10 09:27:20.950,1.57836,1.57893,1.09,1.13
2012.02.10 09:27:21.437,1.57837,1.57894,1.13,1.88
2012.02.10 09:27:21.943,1.57836,1.57893,1.84,1.13
2012.02.10 09:27:23.012,1.57837,1.57893,1.50,1.13
2012.02.10 09:27:25.460,1.57836,1.57886,1.09,1.50
2012.02.10 09:27:25.535,1.57832,1.57887,2.25,1.50
2012.02.10 09:27:25.910,1.57835,1.57889,1.13,1.50
2012.02.10 09:27:25.983,1.57835,1.57889,1.13,1.51
2012.02.10 09:27:26.179,1.57833,1.57889,1.12,1.51
2012.02.10 09:27:26.522,1.57838,1.57893,1.09,1.13
2012.02.10 09:27:26.827,1.57835,1.5789,1.12,1.50
2012.02.10 09:27:27.504,1.57836,1.5789,1.50,1.50
2012.02.10 09:27:27.602,1.57831,1.57886,1.13,1.51
2012.02.10 09:27:29.769,1.57835,1.57891,1.12,2.25
2012.02.10 09:27:29.871,1.57833,1.57889,1.12,1.51
2012.02.10 09:27:29.932,1.57835,1.57893,1.13,1.14
2012.02.10 09:27:30.461,1.57836,1.5789,1.50,1.50
2012.02.10 09:27:30.979,1.57836,1.5789,1.50,1.50
2012.02.10 09:27:32.348,1.57836,1.57893,1.50,1.13
2012.02.10 09:27:32.997,1.57836,1.57893,1.50,1.13
2012.02.10 09:27:34.157,1.57835,1.57893,1.12,1.13
2012.02.10 09:27:34.759,1.57835,1.57893,1.12,1.13
2012.02.10 09:27:36.069,1.57835,1.57893,1.12,1.13
2012.02.10 09:27:38.330,1.57835,1.57893,1.12,1.13
2012.02.10 09:27:38.919,1.57835,1.57893,1.12,1.13
