2012.12.03 19:00:02.554,1.60093,1.60122,1.73,1.32
2012.12.03 19:00:02.864,1.60093,1.60122,1.73,1.32
2012.12.03 19:00:03.620,1.60093,1.60122,1.73,1.32
2012.12.03 19:00:05.548,1.60094,1.60122,1.35,1.32
2012.12.03 19:00:08.087,1.60094,1.60122,1.35,1.32
2012.12.03 19:00:08.365,1.60094,1.60122,1.73,1.50
2012.12.03 19:00:08.426,1.60094,1.60119,1.35,1.50
2012.12.03 19:00:13.587,1.60089,1.60122,1.35,1.69
2012.12.03 19:00:13.766,1.60097,1.60125,1.73,1.73
2012.12.03 19:00:13.886,1.60097,1.60125,1.73,1.35
2012.12.03 19:00:13.946,1.60097,1.60118,1.35,1.50
2012.12.03 19:00:14.186,1.60089,1.60118,1.73,1.73
2012.12.03 19:00:55.456,1.60093,1.60122,1.50,1.73
2012.12.03 19:00:55.583,1.60105,1.60129,1.35,1.13
2012.12.03 19:00:55.737,1.60105,1.60131,1.73,1.13
2012.12.03 19:00:58.357,1.60102,1.60129,1.73,1.50
2012.12.03 19:00:58.536,1.60102,1.60128,1.13,1.73
2012.12.03 19:00:58.596,1.60097,1.60128,1.73,1.73
2012.12.03 19:01:01.656,1.60091,1.60124,2.85,1.73
2012.12.03 19:01:01.836,1.60082,1.60103,1.13,1.73
2012.12.03 19:01:01.896,1.60081,1.60108,1.13,1.35
2012.12.03 19:01:02.166,1.60081,1.60113,1.35,2.44
2012.12.03 19:01:03.686,1.60087,1.60113,1.50,2.07
2012.12.03 19:01:04.046,1.60094,1.60121,1.89,2.82
2012.12.03 19:01:04.315,1.60099,1.6013,2.85,1.50
2012.12.03 19:01:12.544,1.60099,1.60133,2.85,1.35
2012.12.03 19:01:19.776,1.60105,1.60132,1.73,1.35
2012.12.03 19:01:23.296,1.60105,1.60133,1.35,1.35
2012.12.03 19:01:23.476,1.60104,1.60135,1.35,1.13
2012.12.03 19:01:27.366,1.60101,1.60136,1.20,1.13
2012.12.03 19:01:27.676,1.60105,1.60134,1.35,1.35
2012.12.03 19:01:27.858,1.60105,1.60134,1.35,1.35
2012.12.03 19:01:30.704,1.60101,1.60134,1.35,1.35
2012.12.03 19:01:30.772,1.60106,1.60134,1.92,2.10
2012.12.03 19:01:32.237,1.60105,1.60137,1.35,1.32
2012.12.03 19:01:48.357,1.60105,1.60137,1.35,1.32
2012.12.03 19:01:48.796,1.60121,1.60146,1.35,1.13
2012.12.03 19:02:09.423,1.60121,1.60151,1.35,1.35
2012.12.03 19:02:11.022,1.6012,1.60151,1.73,1.35
2012.12.03 19:02:15.876,1.60122,1.60146,1.35,1.50
2012.12.03 19:02:15.937,1.60115,1.60146,1.54,1.50
2012.12.03 19:02:16.377,1.60112,1.60144,1.35,1.73
2012.12.03 19:02:22.366,1.60111,1.60144,1.73,1.73
2012.12.03 19:02:22.486,1.60111,1.60145,1.35,1.35
2012.12.03 19:02:22.964,1.60114,1.60145,1.43,1.13
2012.12.03 19:02:23.037,1.60121,1.60149,1.35,1.73
2012.12.03 19:02:24.419,1.6012,1.60147,1.73,1.13
2012.12.03 19:02:24.648,1.6012,1.60147,1.73,1.13
2012.12.03 19:02:29.706,1.6012,1.60146,1.35,1.13
2012.12.03 19:02:29.826,1.60113,1.60146,1.35,1.35
2012.12.03 19:02:32.562,1.60113,1.60146,1.35,1.73
2012.12.03 19:02:36.446,1.60113,1.60145,1.73,1.35
2012.12.03 19:02:42.447,1.60113,1.60145,1.73,1.35
2012.12.03 19:02:43.879,1.60121,1.60145,1.13,1.35
2012.12.03 19:02:44.237,1.6012,1.60145,1.35,1.09
2012.12.03 19:02:44.356,1.60113,1.60145,3.75,1.32
2012.12.03 19:02:52.447,1.60113,1.60145,1.73,1.32
2012.12.03 19:03:00.386,1.60113,1.60143,1.35,2.10
2012.12.03 19:03:00.626,1.60113,1.6014,1.13,1.88
2012.12.03 19:03:02.056,1.60103,1.60136,1.35,1.35
2012.12.03 19:03:16.156,1.60106,1.60138,1.73,1.35
2012.12.03 19:03:16.336,1.6011,1.60138,1.35,1.35
2012.12.03 19:03:16.396,1.6011,1.60138,1.35,1.35
2012.12.03 19:03:16.576,1.6011,1.60138,1.35,1.13
2012.12.03 19:03:22.576,1.60116,1.60145,1.35,1.35
2012.12.03 19:03:27.946,1.60123,1.60148,1.13,2.18
2012.12.03 19:03:28.006,1.60123,1.60149,1.73,1.35
2012.12.03 19:03:28.187,1.60116,1.60148,1.35,3.79
2012.12.03 19:03:28.246,1.60116,1.60146,1.35,1.35
2012.12.03 19:03:29.358,1.60115,1.60145,1.73,1.35
2012.12.03 19:03:29.537,1.60115,1.60145,1.73,1.35
2012.12.03 19:03:29.596,1.60115,1.60145,1.95,1.13
2012.12.03 19:03:29.656,1.60123,1.60145,1.35,1.13
2012.12.03 19:03:29.717,1.60122,1.60145,1.35,1.13
2012.12.03 19:03:29.946,1.60115,1.60145,1.73,1.35
2012.12.03 19:03:30.196,1.60122,1.60145,1.13,1.35
2012.12.03 19:03:30.447,1.60115,1.60146,1.73,1.35
2012.12.03 19:03:31.208,1.60116,1.60143,1.35,1.73
2012.12.03 19:03:31.797,1.60116,1.60143,1.35,1.73
2012.12.03 19:03:42.478,1.60115,1.60143,1.73,1.73
2012.12.03 19:03:42.868,1.60115,1.60145,1.73,1.35
2012.12.03 19:03:52.659,1.60116,1.60145,1.35,1.35
2012.12.03 19:03:59.877,1.60115,1.60145,1.73,1.35
2012.12.03 19:04:00.056,1.60121,1.60145,1.13,1.35
2012.12.03 19:04:12.366,1.6012,1.60148,1.73,1.13
2012.12.03 19:04:14.187,1.6012,1.6014,1.35,1.09
2012.12.03 19:04:14.247,1.60113,1.6014,1.73,1.09
2012.12.03 19:04:22.118,1.60113,1.60139,1.35,1.50
2012.12.03 19:04:22.598,1.60113,1.6014,1.35,1.09
2012.12.03 19:04:34.736,1.60113,1.6014,1.73,1.09
2012.12.03 19:04:40.137,1.60113,1.60138,1.35,1.50
2012.12.03 19:04:42.512,1.60113,1.60138,1.73,1.50
2012.12.03 19:04:50.067,1.60113,1.60143,1.35,2.10
2012.12.03 19:04:55.287,1.60112,1.60139,1.35,1.50
2012.12.03 19:04:55.916,1.60111,1.60143,1.73,1.43
2012.12.03 19:05:00.753,1.60112,1.60144,1.35,3.23
2012.12.03 19:05:01.606,1.60111,1.60138,1.73,1.50
2012.12.03 19:05:02.286,1.60112,1.60138,1.35,1.50
2012.12.03 19:05:05.096,1.60111,1.60144,1.73,2.48
2012.12.03 19:05:05.397,1.60112,1.60144,1.35,1.73
2012.12.03 19:05:05.456,1.60116,1.60144,1.35,1.73
2012.12.03 19:05:05.577,1.60116,1.60144,1.73,1.50
2012.12.03 19:05:05.818,1.60116,1.60144,1.73,2.25
2012.12.03 19:05:05.937,1.60117,1.60144,1.35,2.25
2012.12.03 19:05:06.176,1.60117,1.60139,1.35,1.09
2012.12.03 19:05:31.966,1.60117,1.60142,1.35,2.82
2012.12.03 19:05:32.146,1.60117,1.60142,1.35,2.59
2012.12.03 19:05:32.453,1.60117,1.60142,1.35,2.78
2012.12.03 19:05:32.697,1.60116,1.60139,1.73,1.84
2012.12.03 19:05:33.618,1.60114,1.60139,1.35,1.09
2012.12.03 19:05:36.926,1.60121,1.60139,1.50,1.09
2012.12.03 19:05:36.986,1.60121,1.60145,1.73,1.50
2012.12.03 19:05:37.496,1.60122,1.60149,1.73,1.20
2012.12.03 19:05:39.306,1.60117,1.60145,1.73,1.50
2012.12.03 19:05:39.497,1.60116,1.60142,3.60,1.32
2012.12.03 19:05:40.118,1.60114,1.60139,1.35,1.50
2012.12.03 19:05:41.289,1.60114,1.60142,1.35,1.50
2012.12.03 19:05:54.628,1.60115,1.60147,1.35,2.10
2012.12.03 19:05:54.837,1.60115,1.60148,1.35,2.10
2012.12.03 19:05:55.447,1.60115,1.60143,1.35,1.50
2012.12.03 19:05:55.506,1.60115,1.60143,1.35,1.50
2012.12.03 19:06:01.838,1.60115,1.60142,1.35,1.32
2012.12.03 19:06:06.316,1.60114,1.60142,1.73,1.32
2012.12.03 19:06:13.256,1.6012,1.60145,1.13,1.73
2012.12.03 19:06:13.377,1.6012,1.60145,1.35,1.73
2012.12.03 19:06:13.956,1.6012,1.60145,1.13,1.73
2012.12.03 19:06:14.496,1.6012,1.60144,1.35,1.50
2012.12.03 19:06:14.556,1.6012,1.60143,1.35,1.50
2012.12.03 19:06:16.576,1.6012,1.60144,1.35,1.88
2012.12.03 19:06:23.137,1.6012,1.60148,1.35,1.32
2012.12.03 19:06:23.257,1.60135,1.60154,1.35,1.13
2012.12.03 19:06:23.317,1.60136,1.60158,1.35,1.88
2012.12.03 19:06:23.646,1.60136,1.60158,1.35,1.88
2012.12.03 19:06:24.227,1.60136,1.60158,1.73,3.38
2012.12.03 19:06:24.658,1.6013,1.60157,2.85,1.13
2012.12.03 19:06:24.837,1.60127,1.60153,1.73,1.73
2012.12.03 19:06:25.037,1.60128,1.60153,1.35,1.35
2012.12.03 19:06:26.157,1.60126,1.60153,1.73,1.35
2012.12.03 19:06:27.567,1.60128,1.60153,1.73,1.35
2012.12.03 19:06:49.846,1.60126,1.60154,1.73,1.88
2012.12.03 19:06:50.027,1.60126,1.60153,1.50,1.35
2012.12.03 19:06:53.237,1.60126,1.60148,1.50,1.50
2012.12.03 19:06:53.357,1.60126,1.60149,1.50,1.20
2012.12.03 19:06:53.417,1.6012,1.60146,2.48,1.88
2012.12.03 19:06:53.597,1.60115,1.60143,1.73,1.73
2012.12.03 19:06:55.157,1.60113,1.60142,1.35,1.35
2012.12.03 19:06:55.679,1.60113,1.60138,1.35,1.84
2012.12.03 19:06:55.736,1.60112,1.60133,1.50,1.32
2012.12.03 19:06:56.257,1.60112,1.60133,1.13,2.07
2012.12.03 19:06:58.337,1.60105,1.60133,1.73,2.25
2012.12.03 19:06:58.457,1.60105,1.60128,1.73,1.50
2012.12.03 19:06:58.916,1.60105,1.60133,1.35,1.50
2012.12.03 19:06:59.346,1.60105,1.60134,1.35,1.73
2012.12.03 19:07:05.357,1.60105,1.60133,1.73,1.32
2012.12.03 19:07:05.548,1.60113,1.60134,1.50,1.09
2012.12.03 19:07:12.046,1.60109,1.60137,1.73,1.17
2012.12.03 19:07:35.587,1.6011,1.60142,1.73,1.32
2012.12.03 19:07:35.787,1.60117,1.60143,1.73,1.13
2012.12.03 19:07:38.727,1.60117,1.60141,1.50,1.73
2012.12.03 19:07:38.847,1.6011,1.60138,1.73,1.73
2012.12.03 19:08:01.437,1.60109,1.60138,1.73,1.73
2012.12.03 19:08:01.496,1.60109,1.60138,1.73,1.50
2012.12.03 19:08:01.737,1.60112,1.60143,1.61,2.25
2012.12.03 19:08:02.046,1.60118,1.60143,1.35,1.13
2012.12.03 19:08:04.527,1.60119,1.60143,1.35,1.50
2012.12.03 19:08:04.658,1.60119,1.60148,1.13,1.35
2012.12.03 19:08:04.717,1.60119,1.60149,1.35,1.73
2012.12.03 19:08:05.259,1.60123,1.60149,1.35,1.73
2012.12.03 19:08:05.319,1.60123,1.6015,1.73,1.73
2012.12.03 19:08:05.379,1.60123,1.6015,1.73,1.50
2012.12.03 19:08:05.617,1.60124,1.60148,1.35,1.50
2012.12.03 19:08:05.858,1.60124,1.6015,1.35,1.88
2012.12.03 19:08:09.767,1.60129,1.60153,1.50,1.35
2012.12.03 19:08:10.088,1.60127,1.60153,1.73,1.50
2012.12.03 19:08:10.268,1.60127,1.60149,1.73,1.50
2012.12.03 19:08:10.789,1.60127,1.60149,1.73,1.50
2012.12.03 19:08:11.817,1.60128,1.60153,1.35,1.73
2012.12.03 19:08:11.998,1.60124,1.60153,1.73,1.50
2012.12.03 19:08:12.117,1.60124,1.60153,2.10,1.88
2012.12.03 19:08:12.237,1.60124,1.60149,2.10,1.50
2012.12.03 19:08:20.138,1.60129,1.60155,1.13,1.01
2012.12.03 19:08:20.317,1.60137,1.60156,1.35,1.16
2012.12.03 19:08:20.627,1.60136,1.60158,1.50,1.23
2012.12.03 19:08:21.947,1.60136,1.60156,1.50,1.16
2012.12.03 19:08:22.247,1.60129,1.60156,1.35,1.76
2012.12.03 19:08:22.307,1.60129,1.60154,1.35,1.50
2012.12.03 19:08:22.637,1.60136,1.60156,1.50,1.38
2012.12.03 19:08:24.706,1.60131,1.60158,1.73,1.16
2012.12.03 19:08:25.007,1.60131,1.60158,1.73,1.16
2012.12.03 19:08:25.257,1.60131,1.60158,1.73,1.16
2012.12.03 19:08:25.881,1.60132,1.60156,1.35,1.16
2012.12.03 19:08:26.897,1.60132,1.60158,1.35,1.23
2012.12.03 19:08:26.957,1.60131,1.60157,1.35,1.23
2012.12.03 19:08:27.017,1.60129,1.60154,1.73,1.50
2012.12.03 19:08:27.327,1.60129,1.60154,1.73,1.50
2012.12.03 19:08:27.447,1.60127,1.60148,1.73,1.50
2012.12.03 19:08:29.297,1.60129,1.60153,1.13,1.35
2012.12.03 19:08:29.357,1.60129,1.60153,1.13,1.35
2012.12.03 19:08:29.546,1.60129,1.60154,1.35,1.50
2012.12.03 19:08:29.862,1.60123,1.60154,2.16,1.50
2012.12.03 19:08:29.987,1.60131,1.60156,1.73,1.38
2012.12.03 19:08:30.856,1.60132,1.60158,1.35,1.91
2012.12.03 19:08:31.957,1.60133,1.60158,1.73,1.16
2012.12.03 19:08:32.487,1.60133,1.60159,1.73,1.16
2012.12.03 19:08:35.137,1.60133,1.60155,1.35,1.76
2012.12.03 19:08:35.259,1.60127,1.60149,1.73,1.50
2012.12.03 19:08:35.377,1.60124,1.6015,1.35,1.50
2012.12.03 19:08:35.436,1.60124,1.60152,1.35,2.40
2012.12.03 19:08:35.948,1.60124,1.60149,1.35,1.50
2012.12.03 19:08:36.008,1.60124,1.60149,1.35,1.50
2012.12.03 19:08:37.937,1.60124,1.6015,1.73,1.13
2012.12.03 19:08:38.267,1.60124,1.6015,1.35,1.13
2012.12.03 19:08:38.492,1.60124,1.60153,1.35,1.13
2012.12.03 19:08:39.688,1.60124,1.60154,1.35,1.58
2012.12.03 19:08:40.219,1.60128,1.60154,1.73,1.50
2012.12.03 19:08:40.377,1.60128,1.60154,1.73,1.50
2012.12.03 19:08:40.617,1.60126,1.60149,1.73,1.50
2012.12.03 19:08:41.456,1.60126,1.60149,1.35,1.50
2012.12.03 19:08:42.219,1.60123,1.60149,1.73,1.50
2012.12.03 19:08:42.416,1.60123,1.60153,1.73,1.05
2012.12.03 19:08:42.936,1.60123,1.60154,1.73,1.58
2012.12.03 19:08:43.227,1.60123,1.60149,1.73,1.50
2012.12.03 19:08:44.937,1.60131,1.60154,1.13,1.35
2012.12.03 19:08:45.057,1.60132,1.60156,1.35,1.16
2012.12.03 19:08:46.015,1.60132,1.60156,1.35,1.16
2012.12.03 19:08:51.437,1.60132,1.60156,1.35,1.16
2012.12.03 19:08:51.927,1.60141,1.60157,1.35,1.16
2012.12.03 19:08:52.136,1.6014,1.60155,1.73,1.16
2012.12.03 19:08:52.258,1.60132,1.60158,1.73,1.53
2012.12.03 19:08:52.557,1.60132,1.60158,1.73,1.53
2012.12.03 19:08:52.898,1.60132,1.60158,1.73,2.28
2012.12.03 19:08:53.017,1.60132,1.60158,1.73,1.53
2012.12.03 19:09:01.718,1.60132,1.60158,2.48,1.53
2012.12.03 19:09:05.262,1.60133,1.60164,1.69,1.11
2012.12.03 19:09:05.567,1.60133,1.60158,1.35,1.53
2012.12.03 19:09:05.977,1.60133,1.60158,1.35,1.53
2012.12.03 19:09:07.357,1.60127,1.60154,1.73,1.83
2012.12.03 19:09:07.417,1.60127,1.60154,1.73,1.83
2012.12.03 19:09:07.788,1.60127,1.60154,1.73,1.58
2012.12.03 19:09:09.187,1.60125,1.60149,1.35,1.50
2012.12.03 19:09:09.248,1.60125,1.60149,1.35,1.50
2012.12.03 19:09:11.418,1.60118,1.60141,1.73,1.50
2012.12.03 19:09:11.829,1.6012,1.60151,1.35,2.48
2012.12.03 19:09:11.897,1.6012,1.60148,1.35,1.50
2012.12.03 19:09:12.569,1.6012,1.60148,1.35,1.50
2012.12.03 19:09:20.338,1.6012,1.60153,1.35,1.35
2012.12.03 19:09:22.978,1.6012,1.60149,1.73,1.50
2012.12.03 19:09:41.167,1.60117,1.60142,2.38,1.09
2012.12.03 19:09:41.409,1.60114,1.60137,1.35,1.50
2012.12.03 19:09:41.629,1.60114,1.60139,1.73,1.50
2012.12.03 19:09:42.731,1.60112,1.60137,1.73,1.50
2012.12.03 19:09:44.095,1.6011,1.60139,1.35,1.50
2012.12.03 19:09:46.570,1.6011,1.60143,1.35,2.10
2012.12.03 19:09:46.687,1.6011,1.60139,1.35,1.50
2012.12.03 19:09:50.368,1.60108,1.60137,1.36,1.50
2012.12.03 19:09:50.549,1.60104,1.60124,3.38,1.50
2012.12.03 19:09:51.315,1.601,1.60124,1.73,1.50
2012.12.03 19:09:51.557,1.60099,1.60129,1.35,2.10
2012.12.03 19:09:52.321,1.60099,1.60124,1.35,1.50
2012.12.03 19:09:52.569,1.60099,1.60123,1.35,1.50
2012.12.03 19:09:52.747,1.60096,1.6012,2.10,1.50
2012.12.03 19:09:53.326,1.60096,1.6012,2.10,1.50
2012.12.03 19:09:56.357,1.60091,1.60124,1.73,2.48
2012.12.03 19:09:56.717,1.60093,1.60124,1.52,1.50
2012.12.03 19:09:56.777,1.60093,1.60124,1.52,1.50
2012.12.03 19:09:56.957,1.60094,1.60119,1.73,1.50
2012.12.03 19:09:57.087,1.60094,1.60119,1.73,1.50
2012.12.03 19:09:57.957,1.60092,1.60124,1.38,1.88
2012.12.03 19:10:02.912,1.60097,1.60121,1.73,1.50
2012.12.03 19:10:03.437,1.60101,1.60128,1.73,1.35
2012.12.03 19:10:03.617,1.601,1.60125,1.73,1.50
2012.12.03 19:10:07.288,1.60097,1.60129,1.73,2.10
2012.12.03 19:10:07.557,1.601,1.60129,1.73,1.88
2012.12.03 19:10:08.063,1.601,1.60129,1.73,1.88
2012.12.03 19:10:08.132,1.601,1.60128,1.73,1.50
2012.12.03 19:10:08.200,1.601,1.60124,1.73,1.50
2012.12.03 19:10:11.127,1.60098,1.60124,1.73,1.73
2012.12.03 19:10:12.011,1.60098,1.60124,1.73,1.50
2012.12.03 19:10:12.187,1.60096,1.60124,1.73,1.50
2012.12.03 19:10:12.487,1.60091,1.60117,1.73,1.73
2012.12.03 19:10:12.608,1.60091,1.60117,1.35,1.73
2012.12.03 19:10:13.707,1.60092,1.60118,1.35,1.73
2012.12.03 19:10:14.057,1.60092,1.60118,1.13,1.73
2012.12.03 19:10:14.328,1.6009,1.60117,1.13,1.73
2012.12.03 19:10:14.507,1.6009,1.60117,1.13,1.73
2012.12.03 19:10:14.627,1.6009,1.60117,1.13,1.73
2012.12.03 19:10:15.158,1.6009,1.60119,1.13,1.73
2012.12.03 19:10:15.612,1.6009,1.60122,2.10,1.88
2012.12.03 19:10:27.577,1.60095,1.60124,1.35,1.50
2012.12.03 19:10:27.998,1.60097,1.60123,1.73,1.73
2012.12.03 19:10:28.328,1.60097,1.60125,1.73,1.35
2012.12.03 19:10:28.408,1.60097,1.60124,1.73,1.73
2012.12.03 19:10:31.877,1.60094,1.60124,1.73,1.73
2012.12.03 19:10:42.617,1.60095,1.60124,1.35,1.73
2012.12.03 19:11:01.208,1.60104,1.6013,1.13,2.25
2012.12.03 19:11:01.327,1.60105,1.60132,1.35,1.35
2012.12.03 19:11:12.727,1.60104,1.60133,1.73,1.73
2012.12.03 19:11:14.377,1.60104,1.60136,1.73,2.10
2012.12.03 19:11:14.498,1.60104,1.60136,1.73,1.35
2012.12.03 19:11:14.790,1.60113,1.60136,1.35,1.13
2012.12.03 19:11:14.848,1.60107,1.60134,1.35,1.50
2012.12.03 19:11:14.907,1.60107,1.60128,3.60,1.50
2012.12.03 19:11:15.087,1.60105,1.60128,1.35,1.50
2012.12.03 19:11:20.167,1.60104,1.60133,1.73,1.73
2012.12.03 19:11:31.787,1.60104,1.60129,1.73,1.50
2012.12.03 19:11:32.578,1.60104,1.60129,1.73,1.50
2012.12.03 19:11:33.507,1.60104,1.60133,1.73,1.73
2012.12.03 19:11:43.098,1.60104,1.60128,1.73,1.50
2012.12.03 19:11:44.198,1.60104,1.60133,1.73,1.73
2012.12.03 19:11:44.748,1.60104,1.60129,1.73,1.50
2012.12.03 19:11:48.929,1.60104,1.60133,1.73,1.73
2012.12.03 19:11:53.388,1.60105,1.60129,1.35,1.50
2012.12.03 19:11:55.259,1.60105,1.60134,1.35,1.73
2012.12.03 19:11:56.237,1.60121,1.60139,1.13,1.35
2012.12.03 19:11:56.298,1.6012,1.60139,1.73,1.13
2012.12.03 19:11:56.357,1.6012,1.60146,1.73,1.50
2012.12.03 19:11:56.628,1.60117,1.60143,1.73,1.50
2012.12.03 19:11:56.687,1.60117,1.60142,1.73,2.48
2012.12.03 19:11:56.747,1.60115,1.60142,1.73,2.70
2012.12.03 19:11:59.407,1.60111,1.60134,1.73,1.50
2012.12.03 19:11:59.467,1.60105,1.60134,1.35,1.73
2012.12.03 19:11:59.535,1.60105,1.60134,1.73,1.73
2012.12.03 19:11:59.884,1.60105,1.60137,1.73,1.32
2012.12.03 19:12:00.127,1.60105,1.60128,1.73,1.50
2012.12.03 19:12:00.417,1.60105,1.60134,1.73,1.73
2012.12.03 19:12:03.417,1.60105,1.60128,1.73,1.50
2012.12.03 19:12:03.917,1.60105,1.60133,1.73,1.73
2012.12.03 19:12:07.077,1.60105,1.60134,1.73,1.73
2012.12.03 19:12:07.648,1.60105,1.60135,1.73,2.55
2012.12.03 19:12:07.768,1.60105,1.60138,1.95,2.63
2012.12.03 19:12:07.952,1.60112,1.60138,1.35,1.88
2012.12.03 19:12:08.167,1.60107,1.60138,1.35,1.50
2012.12.03 19:12:08.292,1.60105,1.60138,1.35,2.10
2012.12.03 19:12:08.417,1.60105,1.60138,1.35,2.48
2012.12.03 19:12:08.657,1.60112,1.60138,1.73,1.88
2012.12.03 19:12:17.407,1.60111,1.60138,1.73,1.50
2012.12.03 19:12:17.587,1.60105,1.60134,1.35,1.73
2012.12.03 19:12:41.367,1.60105,1.60134,1.73,1.73
2012.12.03 19:12:41.487,1.6011,1.60136,1.13,1.35
2012.12.03 19:12:41.547,1.6011,1.60136,1.35,1.35
2012.12.03 19:12:41.887,1.6011,1.60134,1.35,1.50
2012.12.03 19:12:41.947,1.6011,1.60133,1.35,1.50
2012.12.03 19:12:42.578,1.6011,1.60133,1.50,1.73
2012.12.03 19:12:43.897,1.6011,1.60138,1.50,1.35
2012.12.03 19:12:44.168,1.6011,1.60139,1.73,2.48
2012.12.03 19:12:44.438,1.6011,1.60134,1.73,1.50
2012.12.03 19:12:44.557,1.6011,1.60133,1.50,1.73
2012.12.03 19:12:46.237,1.6011,1.60139,1.50,1.73
2012.12.03 19:12:46.297,1.6011,1.60139,1.73,1.73
2012.12.03 19:12:46.718,1.6011,1.60134,1.50,1.73
2012.12.03 19:12:48.631,1.60109,1.60134,1.13,1.73
2012.12.03 19:12:48.808,1.60104,1.60128,1.50,1.73
2012.12.03 19:13:04.358,1.601,1.60133,1.73,1.73
2012.12.03 19:13:04.598,1.60108,1.60136,1.35,1.35
2012.12.03 19:13:05.157,1.60106,1.60133,1.73,1.84
2012.12.03 19:13:05.218,1.60106,1.60133,1.13,2.25
2012.12.03 19:13:06.043,1.60099,1.60129,1.73,1.73
2012.12.03 19:13:06.948,1.60099,1.60133,1.73,1.92
2012.12.03 19:13:07.308,1.60099,1.6013,1.73,1.73
2012.12.03 19:13:07.687,1.60099,1.60129,1.73,1.73
2012.12.03 19:13:07.748,1.60099,1.60129,1.73,1.73
2012.12.03 19:13:07.867,1.60099,1.60128,1.73,1.35
2012.12.03 19:13:07.988,1.60099,1.60128,1.73,2.10
2012.12.03 19:13:25.260,1.60096,1.60129,2.10,1.35
2012.12.03 19:13:25.377,1.60096,1.60129,1.35,1.35
2012.12.03 19:13:25.621,1.60096,1.60131,1.35,1.50
2012.12.03 19:13:25.738,1.60096,1.60131,1.35,1.50
2012.12.03 19:13:26.439,1.60096,1.60131,1.35,1.50
2012.12.03 19:13:26.560,1.60096,1.6013,1.35,1.13
2012.12.03 19:13:27.097,1.60098,1.60129,1.92,2.25
2012.12.03 19:13:27.279,1.60098,1.60129,1.92,2.48
2012.12.03 19:13:27.658,1.60098,1.60129,1.92,2.48
2012.12.03 19:13:28.028,1.60096,1.60129,1.92,2.48
2012.12.03 19:13:28.087,1.60096,1.60129,1.92,2.48
2012.12.03 19:13:28.799,1.60096,1.60129,1.92,2.48
2012.12.03 19:13:29.433,1.60097,1.60129,1.73,2.48
2012.12.03 19:13:31.639,1.60098,1.60131,1.35,1.73
2012.12.03 19:13:31.698,1.60098,1.60131,2.10,1.35
2012.12.03 19:13:32.077,1.60099,1.60139,1.92,2.10
2012.12.03 19:13:32.628,1.60099,1.60137,1.92,2.70
2012.12.03 19:13:32.758,1.60099,1.60133,1.92,1.73
2012.12.03 19:13:35.099,1.60098,1.60123,2.29,1.50
2012.12.03 19:13:35.847,1.60098,1.60128,1.92,1.73
2012.12.03 19:13:35.908,1.60098,1.60124,1.92,1.50
2012.12.03 19:13:36.249,1.60098,1.60129,1.73,1.13
2012.12.03 19:13:37.907,1.601,1.60129,1.92,1.50
2012.12.03 19:13:38.088,1.601,1.60124,1.92,1.50
2012.12.03 19:13:40.278,1.60097,1.60129,1.73,2.48
2012.12.03 19:13:59.608,1.60099,1.60134,1.73,1.73
2012.12.03 19:14:02.093,1.60097,1.60128,2.48,1.13
2012.12.03 19:14:03.657,1.60097,1.60128,1.73,1.73
2012.12.03 19:14:11.937,1.60096,1.60127,1.54,1.73
2012.12.03 19:14:12.489,1.60096,1.60123,1.73,1.50
2012.12.03 19:14:14.611,1.60096,1.60128,1.73,1.73
2012.12.03 19:14:14.667,1.60096,1.60128,1.73,1.73
2012.12.03 19:14:16.367,1.60096,1.60127,1.73,1.73
2012.12.03 19:14:38.638,1.60096,1.60129,2.48,1.73
2012.12.03 19:14:38.817,1.60101,1.60134,2.10,1.35
2012.12.03 19:14:38.877,1.60101,1.60134,2.10,1.35
2012.12.03 19:14:39.606,1.60101,1.60134,3.09,1.13
2012.12.03 19:14:39.907,1.60102,1.60135,1.73,1.50
2012.12.03 19:14:40.087,1.60113,1.60142,1.73,1.13
2012.12.03 19:14:40.147,1.60113,1.60142,1.35,1.50
2012.12.03 19:14:40.268,1.60105,1.60136,1.35,1.73
2012.12.03 19:14:40.398,1.60105,1.60138,1.73,1.92
2012.12.03 19:14:40.761,1.60107,1.60138,2.16,1.50
2012.12.03 19:14:40.877,1.60107,1.60138,2.16,2.25
2012.12.03 19:14:40.998,1.60108,1.60138,1.35,2.10
2012.12.03 19:14:41.690,1.60106,1.60138,1.73,2.10
2012.12.03 19:14:44.377,1.60105,1.60138,2.48,1.35
2012.12.03 19:14:44.628,1.60113,1.60145,1.35,1.73
2012.12.03 19:14:45.158,1.60113,1.60146,1.35,1.35
2012.12.03 19:14:48.956,1.60113,1.60146,1.35,2.10
2012.12.03 19:14:49.576,1.60113,1.60145,1.35,1.73
2012.12.03 19:14:49.764,1.60113,1.60146,1.35,1.73
2012.12.03 19:14:49.859,1.60111,1.60145,1.73,1.73
2012.12.03 19:14:49.922,1.60112,1.60145,1.52,1.50
2012.12.03 19:14:49.992,1.60113,1.60145,1.52,1.50
2012.12.03 19:14:50.177,1.60112,1.60143,1.73,1.73
2012.12.03 19:14:50.559,1.60113,1.60143,1.35,1.50
2012.12.03 19:14:50.619,1.60113,1.60143,1.35,1.50
2012.12.03 19:14:50.739,1.60113,1.60143,1.35,1.50
2012.12.03 19:14:50.810,1.60113,1.60143,1.35,1.50
2012.12.03 19:14:51.346,1.60115,1.60143,1.35,1.13
2012.12.03 19:14:51.648,1.60115,1.60139,1.73,1.50
2012.12.03 19:14:51.952,1.60121,1.60149,1.52,1.91
2012.12.03 19:14:52.587,1.60123,1.60151,1.73,1.16
2012.12.03 19:14:55.603,1.60121,1.6015,2.27,1.53
2012.12.03 19:14:55.847,1.60121,1.60144,1.73,1.50
2012.12.03 19:14:56.148,1.60124,1.60149,1.13,2.13
2012.12.03 19:14:57.407,1.60114,1.60143,1.73,1.50
2012.12.03 19:15:00.398,1.60115,1.60148,1.35,1.35
2012.12.03 19:15:00.518,1.60123,1.60152,1.35,1.31
2012.12.03 19:15:01.166,1.60123,1.60154,1.35,1.13
2012.12.03 19:15:01.807,1.60122,1.60154,1.73,1.88
2012.12.03 19:15:04.297,1.60123,1.6015,1.35,1.50
2012.12.03 19:15:04.659,1.60121,1.60143,1.35,1.50
2012.12.03 19:15:04.878,1.60121,1.60144,1.35,1.50
2012.12.03 19:15:05.118,1.60115,1.60149,1.73,1.73
2012.12.03 19:15:05.298,1.60123,1.6015,1.73,1.13
2012.12.03 19:15:05.383,1.60123,1.6015,1.73,1.13
2012.12.03 19:15:06.017,1.60123,1.60149,1.73,1.13
2012.12.03 19:15:06.377,1.60114,1.60144,1.73,1.88
2012.12.03 19:15:13.688,1.60114,1.60144,2.27,2.63
2012.12.03 19:15:13.935,1.60114,1.60144,2.27,1.88
2012.12.03 19:15:21.436,1.60114,1.60144,2.27,2.25
2012.12.03 19:15:22.594,1.60115,1.60144,1.35,1.50
2012.12.03 19:15:22.777,1.60115,1.60145,1.35,1.13
2012.12.03 19:15:23.103,1.60119,1.60146,1.35,1.88
2012.12.03 19:15:23.167,1.6012,1.60149,1.35,2.63
2012.12.03 19:15:23.228,1.6012,1.60148,1.35,1.13
2012.12.03 19:15:23.367,1.6012,1.60148,1.35,1.13
2012.12.03 19:15:23.837,1.60122,1.60149,1.38,3.53
2012.12.03 19:15:24.016,1.6012,1.60149,1.35,3.75
2012.12.03 19:15:24.451,1.6012,1.60149,1.35,3.38
2012.12.03 19:15:25.721,1.6012,1.60149,1.73,2.48
2012.12.03 19:15:25.778,1.6012,1.60149,1.35,1.50
2012.12.03 19:15:26.949,1.6012,1.60151,1.35,1.35
2012.12.03 19:15:27.251,1.6012,1.60152,1.35,1.01
2012.12.03 19:15:27.682,1.6012,1.6015,1.35,1.13
2012.12.03 19:15:28.058,1.6012,1.60149,1.35,1.50
2012.12.03 19:15:28.454,1.6012,1.60149,1.35,1.50
2012.12.03 19:15:29.157,1.60128,1.60152,1.13,1.01
2012.12.03 19:15:29.748,1.60119,1.60149,1.73,1.65
2012.12.03 19:15:30.471,1.60119,1.60149,1.73,1.65
2012.12.03 19:15:32.656,1.6012,1.60149,1.35,1.50
2012.12.03 19:15:33.378,1.6012,1.60149,1.73,2.48
2012.12.03 19:15:36.038,1.6012,1.60149,1.35,1.80
2012.12.03 19:15:37.017,1.6012,1.60149,1.35,1.65
2012.12.03 19:15:37.546,1.6012,1.60149,1.35,1.50
2012.12.03 19:15:38.488,1.6012,1.60149,1.73,2.48
2012.12.03 19:15:39.027,1.6012,1.60149,1.73,1.50
2012.12.03 19:15:39.567,1.6012,1.60149,1.73,1.58
2012.12.03 19:15:40.131,1.6012,1.60149,1.35,1.50
2012.12.03 19:15:40.367,1.6012,1.60151,1.73,1.01
2012.12.03 19:15:40.487,1.60127,1.60155,1.73,1.08
2012.12.03 19:15:40.609,1.60127,1.60157,1.73,1.61
2012.12.03 19:15:48.903,1.60128,1.60159,1.35,1.04
2012.12.03 19:15:50.087,1.60127,1.60161,1.73,1.34
2012.12.03 19:15:50.447,1.60132,1.60161,1.73,1.11
2012.12.03 19:15:51.090,1.60137,1.60161,1.43,1.48
2012.12.03 19:15:51.597,1.60137,1.60162,1.43,1.21
2012.12.03 19:15:51.898,1.60134,1.60162,1.50,1.23
2012.12.03 19:15:53.207,1.60134,1.60161,1.50,1.73
2012.12.03 19:15:53.388,1.60132,1.60162,1.73,2.11
2012.12.03 19:15:59.628,1.60128,1.60161,2.01,2.11
2012.12.03 19:15:59.839,1.60133,1.60161,1.35,1.73
2012.12.03 19:16:00.137,1.60134,1.60161,1.63,1.94
2012.12.03 19:16:00.298,1.60132,1.60161,1.35,1.94
2012.12.03 19:16:00.635,1.60132,1.60161,1.73,1.19
2012.12.03 19:16:01.897,1.60132,1.60161,1.35,2.66
2012.12.03 19:16:05.907,1.60128,1.60158,1.35,1.68
2012.12.03 19:16:22.409,1.60129,1.60158,1.35,1.53
2012.12.03 19:16:32.797,1.60129,1.60158,1.73,1.53
2012.12.03 19:16:34.598,1.60129,1.60159,1.73,1.01
2012.12.03 19:16:34.908,1.60136,1.60162,1.73,1.94
2012.12.03 19:16:35.298,1.60129,1.60158,1.35,1.53
2012.12.03 19:16:40.108,1.60127,1.60157,1.73,1.53
2012.12.03 19:16:40.296,1.60123,1.60151,1.73,1.73
2012.12.03 19:16:40.481,1.60127,1.60153,1.35,1.16
2012.12.03 19:16:40.537,1.60127,1.60157,1.35,1.31
2012.12.03 19:16:47.977,1.60132,1.60162,1.73,1.94
2012.12.03 19:16:48.301,1.60132,1.60162,1.73,1.94
2012.12.03 19:16:48.365,1.60132,1.60162,1.73,1.94
2012.12.03 19:16:48.487,1.60132,1.60159,1.73,1.01
2012.12.03 19:16:49.027,1.60132,1.60158,1.73,1.53
2012.12.03 19:16:50.438,1.60132,1.60159,1.73,1.01
2012.12.03 19:16:50.557,1.60133,1.60163,1.73,1.56
2012.12.03 19:16:53.567,1.60129,1.60158,1.35,1.53
2012.12.03 19:17:01.749,1.60129,1.60158,1.35,1.50
2012.12.03 19:17:02.500,1.60127,1.60158,1.73,1.53
2012.12.03 19:17:05.397,1.60128,1.60158,1.35,1.53
2012.12.03 19:17:05.698,1.60122,1.60148,2.85,1.73
2012.12.03 19:17:06.147,1.60122,1.60147,2.10,1.13
2012.12.03 19:17:12.731,1.60114,1.60147,1.65,1.50
2012.12.03 19:17:13.442,1.60114,1.60147,2.06,1.73
2012.12.03 19:17:14.757,1.60115,1.60147,1.35,1.50
2012.12.03 19:17:23.977,1.60117,1.6015,2.48,1.73
2012.12.03 19:17:35.667,1.6012,1.60153,1.73,3.23
2012.12.03 19:17:36.027,1.60124,1.60153,1.35,1.50
2012.12.03 19:17:36.761,1.60124,1.60155,1.35,1.01
2012.12.03 19:17:42.586,1.60123,1.60155,1.73,1.01
2012.12.03 19:17:44.320,1.60123,1.60154,1.73,1.73
2012.12.03 19:18:03.062,1.60123,1.60155,1.35,1.01
2012.12.03 19:18:03.591,1.60126,1.60154,1.92,1.50
2012.12.03 19:18:05.090,1.60133,1.60164,1.73,1.79
2012.12.03 19:18:15.167,1.60131,1.60159,1.73,1.76
2012.12.03 19:18:16.213,1.60131,1.60158,1.73,1.01
2012.12.03 19:18:30.537,1.60128,1.60158,1.35,1.01
2012.12.03 19:18:40.959,1.60128,1.60159,1.35,1.76
2012.12.03 19:18:41.554,1.60128,1.60159,2.48,1.01
2012.12.03 19:18:42.105,1.60128,1.60162,2.48,1.79
2012.12.03 19:18:45.847,1.60135,1.60163,1.38,2.31
2012.12.03 19:18:46.098,1.60133,1.60163,1.35,1.56
2012.12.03 19:19:00.457,1.60133,1.60163,1.35,1.53
2012.12.03 19:19:00.708,1.60133,1.60163,1.35,1.50
2012.12.03 19:19:01.554,1.60133,1.60163,1.35,1.53
2012.12.03 19:19:19.398,1.60133,1.60158,1.35,1.16
2012.12.03 19:19:19.518,1.60127,1.60154,1.35,1.50
2012.12.03 19:19:19.758,1.60127,1.60157,1.35,1.01
2012.12.03 19:19:19.997,1.60125,1.60154,1.35,1.50
2012.12.03 19:19:20.117,1.60125,1.60157,1.35,1.38
2012.12.03 19:19:20.178,1.60125,1.60158,1.76,1.91
2012.12.03 19:19:20.238,1.60125,1.60158,1.76,1.91
2012.12.03 19:19:25.578,1.60128,1.60158,1.73,1.76
2012.12.03 19:19:44.338,1.60127,1.60157,1.73,1.38
2012.12.03 19:19:44.577,1.60119,1.60149,1.73,1.73
2012.12.03 19:19:47.609,1.60119,1.60153,2.07,1.73
2012.12.03 19:19:50.278,1.60119,1.60149,1.73,1.73
2012.12.03 19:20:04.573,1.60119,1.60151,1.73,1.95
2012.12.03 19:20:04.880,1.60125,1.60153,1.35,1.58
2012.12.03 19:20:05.208,1.60124,1.60149,1.35,1.50
2012.12.03 19:20:05.268,1.60125,1.60149,1.13,1.73
2012.12.03 19:20:08.511,1.6012,1.6015,1.35,2.48
2012.12.03 19:20:08.627,1.6012,1.6015,1.35,2.48
2012.12.03 19:20:09.058,1.6012,1.6015,1.35,1.73
2012.12.03 19:20:09.658,1.6012,1.6015,1.35,2.48
2012.12.03 19:20:10.867,1.6012,1.60149,1.35,3.23
2012.12.03 19:20:11.256,1.60119,1.6015,1.73,3.98
2012.12.03 19:20:11.395,1.60119,1.60149,1.73,1.73
2012.12.03 19:20:36.178,1.60124,1.60152,1.32,2.48
2012.12.03 19:20:36.493,1.60129,1.60157,1.73,1.01
2012.12.03 19:20:36.618,1.60129,1.60157,1.73,1.01
2012.12.03 19:20:36.837,1.60129,1.60158,1.73,1.01
2012.12.03 19:20:37.387,1.60129,1.60158,1.73,1.38
2012.12.03 19:20:37.878,1.6013,1.60155,1.35,1.13
2012.12.03 19:20:37.998,1.6013,1.60155,1.13,1.35
2012.12.03 19:20:38.120,1.60123,1.60155,3.04,1.35
2012.12.03 19:20:38.238,1.60122,1.60152,1.17,1.73
2012.12.03 19:20:38.298,1.60122,1.60152,1.17,1.73
2012.12.03 19:20:38.677,1.60119,1.60152,2.29,1.73
2012.12.03 19:20:42.668,1.60121,1.60153,1.73,3.12
2012.12.03 19:20:42.728,1.60122,1.60153,1.32,3.83
2012.12.03 19:20:44.092,1.60125,1.60153,1.13,1.73
2012.12.03 19:20:44.398,1.60124,1.60153,1.50,2.27
2012.12.03 19:20:44.758,1.60124,1.60148,1.13,1.23
2012.12.03 19:20:44.817,1.60122,1.60145,1.13,1.73
2012.12.03 19:20:44.938,1.6012,1.60145,1.13,1.73
2012.12.03 19:20:55.602,1.60121,1.60148,1.50,1.23
2012.12.03 19:20:55.847,1.6013,1.60156,1.50,1.13
2012.12.03 19:21:04.648,1.6013,1.60159,1.50,1.01
2012.12.03 19:21:04.828,1.60138,1.60167,1.73,1.79
2012.12.03 19:21:08.989,1.60136,1.60159,1.73,1.53
2012.12.03 19:21:09.049,1.60136,1.60159,1.50,1.76
2012.12.03 19:21:09.359,1.60138,1.60159,1.13,2.51
2012.12.03 19:21:12.519,1.6013,1.60158,1.13,1.01
2012.12.03 19:21:44.118,1.60126,1.60158,1.73,1.01
2012.12.03 19:21:44.298,1.60125,1.60154,1.13,2.34
2012.12.03 19:21:46.158,1.60115,1.60148,2.85,2.07
2012.12.03 19:21:46.288,1.60117,1.60148,1.73,2.07
2012.12.03 19:21:46.409,1.60113,1.60142,1.13,2.31
2012.12.03 19:21:48.958,1.60116,1.60142,1.13,1.56
2012.12.03 19:21:49.078,1.60116,1.60148,1.73,1.73
2012.12.03 19:21:59.418,1.60117,1.60149,1.35,2.91
2012.12.03 19:21:59.598,1.60116,1.60145,1.13,3.15
2012.12.03 19:22:00.228,1.60112,1.60139,1.13,1.61
2012.12.03 19:22:01.547,1.60107,1.60139,1.35,2.36
2012.12.03 19:22:02.887,1.60107,1.60139,1.35,2.36
2012.12.03 19:22:03.067,1.60101,1.60131,1.69,1.43
2012.12.03 19:22:35.781,1.60099,1.60131,1.73,1.43
2012.12.03 19:22:36.138,1.60096,1.60127,1.13,1.85
2012.12.03 19:22:39.108,1.60094,1.60127,1.95,1.62
2012.12.03 19:22:39.227,1.60099,1.60129,1.50,1.73
2012.12.03 19:22:39.758,1.60099,1.60132,1.50,2.86
2012.12.03 19:22:42.178,1.60114,1.60132,1.13,1.51
2012.12.03 19:22:42.298,1.60115,1.60144,1.35,1.05
2012.12.03 19:22:45.107,1.60111,1.60145,2.48,1.73
2012.12.03 19:22:45.287,1.60108,1.60139,1.13,2.09
2012.12.03 19:22:57.579,1.60107,1.60139,1.35,2.09
2012.12.03 19:22:57.817,1.601,1.60131,2.07,1.34
2012.12.03 19:23:07.668,1.60099,1.60131,1.35,1.34
2012.12.03 19:23:07.788,1.60099,1.60127,1.13,1.52
2012.12.03 19:23:12.634,1.60095,1.60126,1.50,1.20
2012.12.03 19:23:13.615,1.60095,1.60127,1.50,3.10
2012.12.03 19:23:16.147,1.60095,1.60127,1.50,1.45
2012.12.03 19:23:16.327,1.60097,1.60128,1.73,1.50
2012.12.03 19:23:17.376,1.60097,1.60128,1.73,1.73
2012.12.03 19:23:42.618,1.60097,1.60129,1.73,1.73
2012.12.03 19:23:42.797,1.60097,1.60123,1.50,1.39
2012.12.03 19:23:43.158,1.6009,1.60123,1.73,2.14
2012.12.03 19:23:44.708,1.60091,1.60123,1.35,1.39
2012.12.03 19:23:44.828,1.60099,1.60128,1.73,2.85
2012.12.03 19:23:44.899,1.60097,1.60123,1.73,1.73
2012.12.03 19:23:45.018,1.60091,1.60123,1.35,2.25
2012.12.03 19:23:46.488,1.60091,1.60124,1.35,2.10
2012.12.03 19:23:57.113,1.60095,1.60129,1.73,1.73
2012.12.03 19:23:57.417,1.60091,1.60116,1.13,1.86
2012.12.03 19:23:57.538,1.60083,1.60116,2.44,1.86
2012.12.03 19:24:07.391,1.60083,1.60116,1.35,1.35
2012.12.03 19:24:07.511,1.60083,1.60117,1.35,1.73
2012.12.03 19:24:07.780,1.60083,1.60116,1.13,1.60
2012.12.03 19:24:07.838,1.60083,1.60116,1.13,1.60
2012.12.03 19:24:10.928,1.60085,1.60116,2.48,1.35
2012.12.03 19:24:11.498,1.60085,1.60118,1.73,1.73
2012.12.03 19:24:18.928,1.60086,1.6012,2.48,2.26
2012.12.03 19:24:18.988,1.60086,1.60111,1.50,1.94
2012.12.03 19:24:19.348,1.60082,1.60114,2.10,2.48
2012.12.03 19:24:19.708,1.6009,1.60118,1.73,1.50
2012.12.03 19:24:33.630,1.60091,1.60122,1.13,1.73
2012.12.03 19:24:33.748,1.6009,1.60115,1.13,1.59
2012.12.03 19:24:39.449,1.60083,1.60112,1.13,2.63
2012.12.03 19:24:42.728,1.60083,1.60114,1.13,1.73
2012.12.03 19:24:43.067,1.60091,1.60123,1.35,1.32
2012.12.03 19:24:48.588,1.60091,1.6012,1.73,1.73
2012.12.03 19:24:48.708,1.60091,1.60116,1.13,1.94
2012.12.03 19:24:53.877,1.60087,1.60116,1.13,1.56
2012.12.03 19:24:53.998,1.60087,1.60118,1.73,1.13
2012.12.03 19:24:57.937,1.60087,1.60121,1.73,1.56
2012.12.03 19:24:58.058,1.60096,1.60126,1.13,1.73
2012.12.03 19:24:58.858,1.60095,1.60118,1.73,1.35
2012.12.03 19:24:58.979,1.60096,1.60116,1.50,2.25
2012.12.03 19:24:59.289,1.60088,1.60116,1.50,3.42
2012.12.03 19:25:02.688,1.60088,1.60116,1.50,3.23
2012.12.03 19:25:06.197,1.60096,1.60119,1.09,3.38
2012.12.03 19:25:06.333,1.60104,1.60122,1.50,1.13
2012.12.03 19:25:06.398,1.60104,1.60128,1.50,1.73
2012.12.03 19:25:06.953,1.60104,1.60131,1.50,2.48
2012.12.03 19:25:07.178,1.60101,1.60129,1.35,2.10
2012.12.03 19:25:07.298,1.60096,1.60128,1.13,1.95
2012.12.03 19:25:08.958,1.60096,1.60119,1.13,1.73
2012.12.03 19:25:09.018,1.60087,1.60119,1.35,1.73
2012.12.03 19:25:12.698,1.60092,1.6012,1.28,1.98
2012.12.03 19:25:12.758,1.60094,1.60124,1.36,2.40
2012.12.03 19:25:12.878,1.60103,1.6013,1.35,1.73
2012.12.03 19:25:18.471,1.60103,1.6013,1.73,1.73
2012.12.03 19:25:18.599,1.60103,1.60128,1.50,1.73
2012.12.03 19:25:18.718,1.60101,1.60124,1.50,1.73
2012.12.03 19:25:19.009,1.60101,1.60124,1.50,1.73
2012.12.03 19:25:19.458,1.60095,1.60124,1.13,1.73
2012.12.03 19:25:20.317,1.60095,1.60126,1.13,1.35
2012.12.03 19:25:20.548,1.60098,1.60128,1.73,1.73
2012.12.03 19:25:22.099,1.60098,1.60131,1.35,1.89
2012.12.03 19:25:22.397,1.60102,1.60134,1.73,1.73
2012.12.03 19:25:22.648,1.60102,1.60134,1.73,1.73
2012.12.03 19:25:23.448,1.60108,1.60135,1.09,3.15
2012.12.03 19:25:23.508,1.60119,1.60145,1.35,1.73
2012.12.03 19:25:23.568,1.60119,1.60145,1.35,1.35
2012.12.03 19:25:34.088,1.6012,1.60152,1.35,1.23
2012.12.03 19:25:34.278,1.60127,1.60152,1.35,1.01
2012.12.03 19:25:34.468,1.60137,1.60153,1.50,1.01
2012.12.03 19:25:34.647,1.60137,1.60162,1.13,2.16
2012.12.03 19:25:39.417,1.60131,1.60159,1.73,1.04
2012.12.03 19:25:39.538,1.6013,1.60159,1.50,1.79
2012.12.03 19:25:39.928,1.60121,1.60152,1.35,1.53
2012.12.03 19:25:39.988,1.60121,1.60152,1.13,1.50
2012.12.03 19:25:40.420,1.60119,1.60147,1.35,1.73
2012.12.03 19:25:40.480,1.60116,1.60144,1.35,1.73
2012.12.03 19:25:40.538,1.60112,1.60144,2.10,2.38
2012.12.03 19:25:42.929,1.60111,1.60141,1.73,1.73
2012.12.03 19:25:42.988,1.60112,1.60145,1.73,1.73
2012.12.03 19:25:43.167,1.6012,1.60146,1.13,2.10
2012.12.03 19:25:47.620,1.60119,1.60153,1.73,2.34
2012.12.03 19:25:47.858,1.60136,1.60161,1.50,1.76
2012.12.03 19:25:48.399,1.60136,1.60162,1.13,2.55
2012.12.03 19:25:49.121,1.60136,1.60162,1.13,2.16
2012.12.03 19:25:54.248,1.60136,1.60161,1.50,1.04
2012.12.03 19:25:54.889,1.60132,1.60158,1.73,1.53
2012.12.03 19:25:55.008,1.60128,1.60158,1.13,1.76
2012.12.03 19:25:59.728,1.60136,1.60158,1.50,1.04
2012.12.03 19:26:00.238,1.60137,1.60161,1.13,1.04
2012.12.03 19:26:05.430,1.60136,1.6016,1.13,1.04
2012.12.03 19:26:06.139,1.60136,1.6016,1.13,1.04
2012.12.03 19:26:07.520,1.60136,1.6016,1.13,1.04
2012.12.03 19:26:08.784,1.60136,1.6016,1.13,1.04
2012.12.03 19:26:13.658,1.60136,1.60159,1.50,1.04
2012.12.03 19:26:14.028,1.60137,1.60155,1.13,2.51
2012.12.03 19:26:14.208,1.60126,1.60153,1.73,1.76
2012.12.03 19:26:14.889,1.60127,1.60154,1.13,1.01
2012.12.03 19:26:15.628,1.60126,1.60157,1.73,1.53
2012.12.03 19:26:16.201,1.60126,1.60156,1.73,1.38
2012.12.03 19:26:16.319,1.60127,1.60158,1.35,1.08
2012.12.03 19:26:16.886,1.60127,1.60158,1.73,1.01
2012.12.03 19:26:18.905,1.60131,1.60164,1.50,1.59
2012.12.03 19:26:28.970,1.60131,1.60158,1.73,1.76
2012.12.03 19:26:29.549,1.60131,1.60157,1.50,1.01
2012.12.03 19:26:29.878,1.60131,1.60153,1.13,1.01
2012.12.03 19:26:30.058,1.60131,1.60152,1.50,1.01
2012.12.03 19:26:30.418,1.60131,1.60152,1.13,1.01
2012.12.03 19:26:30.898,1.60131,1.60152,1.13,1.01
2012.12.03 19:26:31.898,1.60129,1.60156,1.50,1.38
2012.12.03 19:26:32.018,1.60129,1.60157,1.73,1.01
2012.12.03 19:26:32.689,1.60128,1.60159,1.73,2.09
2012.12.03 19:26:33.198,1.60128,1.60158,1.73,1.01
2012.12.03 19:26:33.699,1.60132,1.60158,1.50,1.01
2012.12.03 19:26:34.448,1.60132,1.60158,1.50,1.01
2012.12.03 19:26:34.568,1.60132,1.60153,1.50,1.01
2012.12.03 19:26:34.869,1.60135,1.60153,1.50,1.01
2012.12.03 19:26:35.398,1.60135,1.60159,1.50,1.79
2012.12.03 19:26:48.388,1.60135,1.6016,1.50,1.04
2012.12.03 19:26:49.718,1.60128,1.60154,2.48,1.76
2012.12.03 19:26:49.779,1.60126,1.60154,1.73,1.76
2012.12.03 19:26:49.839,1.60126,1.60154,1.50,1.76
2012.12.03 19:26:51.436,1.60126,1.60154,1.50,1.76
2012.12.03 19:26:52.339,1.60128,1.60154,1.13,1.01
2012.12.03 19:26:52.584,1.60135,1.60158,1.50,1.38
2012.12.03 19:27:00.728,1.60136,1.60158,1.13,1.38
2012.12.03 19:27:00.908,1.60135,1.60156,1.13,1.72
2012.12.03 19:27:01.152,1.60132,1.60153,1.50,1.38
2012.12.03 19:27:04.600,1.60129,1.60153,1.50,1.38
2012.12.03 19:27:10.928,1.60122,1.6015,1.35,1.73
2012.12.03 19:27:11.108,1.60118,1.6015,1.13,1.73
2012.12.03 19:27:33.864,1.60116,1.60144,1.73,1.35
2012.12.03 19:27:34.049,1.6011,1.60141,1.35,1.32
2012.12.03 19:27:35.380,1.60114,1.60143,1.50,1.83
2012.12.03 19:27:35.499,1.60114,1.60143,1.88,1.35
2012.12.03 19:27:35.618,1.60115,1.60145,1.13,1.19
2012.12.03 19:27:35.999,1.60115,1.60144,1.13,1.35
2012.12.03 19:27:36.060,1.60115,1.60144,1.35,1.35
2012.12.03 19:27:38.712,1.60114,1.60147,2.48,1.41
2012.12.03 19:27:39.209,1.60114,1.60145,2.48,1.35
2012.12.03 19:27:52.928,1.60113,1.60144,1.73,2.10
2012.12.03 19:27:53.048,1.60113,1.60144,1.50,2.10
2012.12.03 19:27:53.374,1.60113,1.60143,1.50,2.42
2012.12.03 19:27:53.451,1.60103,1.60134,2.48,1.35
2012.12.03 19:27:53.569,1.60109,1.60135,1.13,1.35
2012.12.03 19:28:53.539,1.60101,1.60138,2.85,1.38
2012.12.03 19:29:04.208,1.60102,1.60138,3.60,1.38
2012.12.03 19:29:04.638,1.60106,1.60132,1.50,1.41
2012.12.03 19:29:05.953,1.60106,1.60132,1.13,1.41
2012.12.03 19:29:06.019,1.60104,1.60132,1.13,1.41
2012.12.03 19:29:06.308,1.60104,1.60134,1.13,2.31
2012.12.03 19:29:06.558,1.60103,1.60135,1.73,1.35
2012.12.03 19:29:12.222,1.60114,1.60138,1.50,1.71
2012.12.03 19:29:12.279,1.60114,1.60138,1.50,1.35
2012.12.03 19:29:42.758,1.60114,1.60142,1.13,1.35
2012.12.03 19:29:43.328,1.60112,1.60141,1.50,1.35
2012.12.03 19:29:44.350,1.60113,1.60143,1.13,2.66
2012.12.03 19:29:44.588,1.60113,1.60143,1.35,1.35
2012.12.03 19:30:16.469,1.60117,1.60141,1.50,1.35
2012.12.03 19:30:16.649,1.60117,1.60141,1.50,1.35
2012.12.03 19:30:17.749,1.60114,1.60141,1.50,1.35
2012.12.03 19:30:18.290,1.60114,1.60141,1.50,1.35
2012.12.03 19:30:18.630,1.60114,1.60141,1.50,1.35
2012.12.03 19:30:19.074,1.60114,1.60141,1.50,1.35
2012.12.03 19:30:19.747,1.60114,1.60141,1.50,1.35
2012.12.03 19:30:20.868,1.60112,1.60139,1.50,1.35
2012.12.03 19:30:21.369,1.60112,1.60139,1.50,1.35
2012.12.03 19:30:22.399,1.60112,1.60142,1.50,1.35
2012.12.03 19:30:22.938,1.60113,1.60142,1.50,1.63
2012.12.03 19:30:23.058,1.60111,1.6014,1.50,1.35
2012.12.03 19:30:23.368,1.60113,1.60142,1.13,1.26
2012.12.03 19:30:23.550,1.60113,1.60138,1.13,1.35
2012.12.03 19:30:46.179,1.60106,1.60139,2.48,2.10
2012.12.03 19:30:46.299,1.60106,1.60138,1.50,1.23
2012.12.03 19:31:12.168,1.60101,1.60132,1.73,1.17
2012.12.03 19:31:12.288,1.60099,1.60134,1.50,1.17
2012.12.03 19:31:12.648,1.60095,1.60123,1.35,1.73
2012.12.03 19:31:33.039,1.60095,1.60123,1.73,1.73
2012.12.03 19:31:33.490,1.60095,1.60123,1.73,1.73
2012.12.03 19:31:58.601,1.60097,1.60127,1.50,1.20
2012.12.03 19:31:59.089,1.60097,1.60128,1.73,1.73
2012.12.03 19:32:00.629,1.60098,1.60129,1.73,1.73
2012.12.03 19:32:00.808,1.60098,1.60127,1.50,1.29
2012.12.03 19:32:08.534,1.60095,1.60124,1.73,1.73
2012.12.03 19:32:24.686,1.60094,1.60129,2.07,2.11
2012.12.03 19:32:25.209,1.60094,1.60129,2.07,1.73
2012.12.03 19:32:25.269,1.60094,1.60125,2.07,1.73
2012.12.03 19:32:29.840,1.60094,1.60128,2.07,1.73
2012.12.03 19:32:29.959,1.60097,1.60128,1.73,1.35
2012.12.03 19:32:30.151,1.60097,1.6013,2.48,1.73
2012.12.03 19:32:30.330,1.60097,1.60129,1.50,1.73
2012.12.03 19:32:34.369,1.60094,1.60124,2.44,1.35
2012.12.03 19:32:34.600,1.60094,1.60124,2.44,1.35
2012.12.03 19:33:27.330,1.601,1.60129,1.50,1.73
2012.12.03 19:33:27.750,1.601,1.60134,1.73,1.58
2012.12.03 19:33:29.601,1.60101,1.60132,1.35,1.35
2012.12.03 19:33:29.840,1.601,1.60133,2.48,1.35
2012.12.03 19:33:48.408,1.60103,1.60134,1.50,1.73
2012.12.03 19:33:48.529,1.60103,1.60139,1.32,2.40
2012.12.03 19:33:48.959,1.60103,1.60134,1.50,1.35
2012.12.03 19:33:50.719,1.60103,1.60134,1.50,1.35
2012.12.03 19:33:51.139,1.60103,1.60134,1.17,1.73
2012.12.03 19:34:01.621,1.60102,1.60134,1.17,1.35
2012.12.03 19:34:02.100,1.60101,1.60128,1.35,1.35
2012.12.03 19:34:02.439,1.60098,1.60128,1.50,1.73
2012.12.03 19:34:02.770,1.60098,1.60129,1.50,2.16
2012.12.03 19:34:03.391,1.60095,1.60128,1.73,1.73
2012.12.03 19:34:07.011,1.60091,1.60124,1.17,1.73
2012.12.03 19:34:07.081,1.60091,1.60124,1.17,1.73
2012.12.03 19:34:07.359,1.60091,1.60124,1.17,1.73
2012.12.03 19:34:08.120,1.60091,1.60124,1.54,1.73
2012.12.03 19:34:08.179,1.60091,1.60119,1.54,1.35
2012.12.03 19:34:08.539,1.60092,1.60123,1.17,1.73
2012.12.03 19:34:11.500,1.60092,1.60128,1.17,1.17
2012.12.03 19:34:11.879,1.60091,1.60124,1.17,1.73
2012.12.03 19:34:19.471,1.60091,1.60123,2.29,1.35
2012.12.03 19:34:19.863,1.60092,1.60123,1.50,1.73
2012.12.03 19:34:20.179,1.60093,1.60124,1.73,2.85
2012.12.03 19:34:20.620,1.60095,1.60128,1.35,1.54
2012.12.03 19:34:20.744,1.60095,1.60128,1.35,1.54
2012.12.03 19:34:21.110,1.60095,1.60128,1.13,1.83
2012.12.03 19:34:25.300,1.60091,1.60125,2.48,1.73
2012.12.03 19:34:25.480,1.60091,1.60125,2.48,2.18
2012.12.03 19:34:25.919,1.6009,1.60125,2.07,2.18
2012.12.03 19:34:26.159,1.6009,1.60115,1.47,1.35
2012.12.03 19:34:55.460,1.60081,1.60099,1.32,1.50
2012.12.03 19:34:55.580,1.60076,1.60099,1.13,1.73
2012.12.03 19:34:55.701,1.60076,1.60099,1.13,1.73
2012.12.03 19:34:57.679,1.60078,1.60104,1.09,3.26
2012.12.03 19:34:57.740,1.60085,1.60113,1.73,2.48
2012.12.03 19:34:57.799,1.60085,1.60109,1.73,1.13
2012.12.03 19:34:57.919,1.6008,1.60109,1.35,1.13
2012.12.03 19:34:58.160,1.60072,1.60093,1.50,1.13
2012.12.03 19:34:58.283,1.60073,1.60099,1.09,3.60
2012.12.03 19:34:58.609,1.60071,1.60098,1.69,2.85
2012.12.03 19:34:58.730,1.60073,1.60104,1.50,2.27
2012.12.03 19:34:58.800,1.60073,1.60104,1.73,1.73
2012.12.03 19:34:58.989,1.60069,1.60101,2.48,1.35
2012.12.03 19:34:59.049,1.60069,1.60101,2.48,1.35
2012.12.03 19:35:10.648,1.60069,1.60103,2.67,1.36
2012.12.03 19:35:10.839,1.60082,1.60112,1.73,1.35
2012.12.03 19:35:13.730,1.60085,1.60119,1.13,1.34
2012.12.03 19:35:13.789,1.60085,1.6012,1.73,1.35
2012.12.03 19:35:14.100,1.6009,1.6012,1.73,1.73
2012.12.03 19:35:14.193,1.6009,1.60122,1.73,1.35
2012.12.03 19:35:14.521,1.60087,1.6012,1.73,1.60
2012.12.03 19:35:14.640,1.60087,1.6012,1.73,1.35
2012.12.03 19:35:14.701,1.60087,1.6012,1.73,2.10
2012.12.03 19:35:14.761,1.60087,1.6012,1.50,2.44
2012.12.03 19:35:16.380,1.60087,1.60117,1.50,1.05
2012.12.03 19:35:16.440,1.60086,1.60109,2.10,1.13
2012.12.03 19:35:16.620,1.6008,1.60109,1.50,1.73
2012.12.03 19:35:19.611,1.60078,1.60107,1.35,1.73
2012.12.03 19:35:19.730,1.60078,1.60104,1.35,1.35
2012.12.03 19:35:20.033,1.60077,1.60108,1.73,2.59
2012.12.03 19:35:20.150,1.60077,1.60108,1.73,1.92
2012.12.03 19:35:27.200,1.6008,1.60108,1.35,1.13
2012.12.03 19:35:27.531,1.60084,1.60113,1.73,2.48
2012.12.03 19:35:27.590,1.60084,1.60119,1.73,2.10
2012.12.03 19:35:28.850,1.60084,1.60115,1.73,1.73
2012.12.03 19:35:28.910,1.6008,1.60109,1.35,1.13
2012.12.03 19:35:29.270,1.60077,1.60109,2.48,1.73
2012.12.03 19:35:33.189,1.60081,1.60106,1.50,1.73
2012.12.03 19:35:33.325,1.60081,1.60106,1.50,1.73
2012.12.03 19:35:38.310,1.60074,1.60106,1.73,1.35
2012.12.03 19:35:38.490,1.60074,1.60104,1.50,1.56
2012.12.03 19:36:23.891,1.60071,1.60101,1.50,1.35
2012.12.03 19:36:24.071,1.60077,1.60102,1.50,1.50
2012.12.03 19:36:24.132,1.60075,1.60102,1.73,2.25
2012.12.03 19:36:24.705,1.60073,1.60107,1.73,1.88
2012.12.03 19:36:25.238,1.60076,1.60107,1.13,2.22
2012.12.03 19:36:28.490,1.60077,1.60104,1.50,1.35
2012.12.03 19:36:28.731,1.60076,1.60104,1.50,1.35
2012.12.03 19:36:28.850,1.60076,1.60104,1.50,1.35
2012.12.03 19:36:29.370,1.60076,1.60104,1.50,1.35
2012.12.03 19:36:29.880,1.60076,1.60107,1.50,1.34
2012.12.03 19:36:30.807,1.6008,1.60111,1.50,1.73
2012.12.03 19:36:34.230,1.6008,1.60109,1.50,1.88
2012.12.03 19:36:34.350,1.6008,1.60109,1.50,1.88
2012.12.03 19:36:34.471,1.6008,1.60105,1.50,1.59
2012.12.03 19:36:34.651,1.60077,1.60105,1.50,2.49
2012.12.03 19:36:35.160,1.60076,1.60105,2.07,1.59
2012.12.03 19:36:36.061,1.60077,1.60105,1.50,1.59
2012.12.03 19:36:36.330,1.60077,1.60105,1.50,1.59
2012.12.03 19:36:38.299,1.60077,1.60105,2.25,1.59
2012.12.03 19:36:38.540,1.60077,1.60105,1.50,1.59
2012.12.03 19:36:40.030,1.60077,1.60105,1.50,1.59
2012.12.03 19:36:40.270,1.60073,1.60097,2.63,1.54
2012.12.03 19:36:40.330,1.60073,1.60097,1.13,1.54
2012.12.03 19:36:40.449,1.60077,1.60097,1.13,1.69
2012.12.03 19:36:40.510,1.60077,1.60105,2.25,2.55
2012.12.03 19:36:41.460,1.60085,1.60108,1.50,1.42
2012.12.03 19:36:41.580,1.60085,1.60111,2.25,1.88
2012.12.03 19:36:44.196,1.60081,1.60111,1.95,1.47
2012.12.03 19:36:44.320,1.60082,1.60114,1.13,2.13
2012.12.03 19:36:45.011,1.60086,1.60113,1.13,1.88
2012.12.03 19:36:45.520,1.60086,1.60108,1.13,1.36
2012.12.03 19:36:46.080,1.6008,1.60106,1.73,1.36
2012.12.03 19:36:46.521,1.6008,1.60106,1.50,1.36
2012.12.03 19:36:46.580,1.6008,1.60106,1.13,1.36
2012.12.03 19:36:48.239,1.60077,1.60106,1.50,2.26
2012.12.03 19:36:48.480,1.60077,1.60103,1.88,1.50
2012.12.03 19:36:48.600,1.60077,1.60108,1.88,1.52
2012.12.03 19:36:49.880,1.60078,1.60109,1.13,1.67
2012.12.03 19:36:50.060,1.60079,1.60112,2.63,1.52
2012.12.03 19:36:55.695,1.6008,1.60111,1.50,1.73
2012.12.03 19:36:55.875,1.60081,1.60109,1.50,1.56
2012.12.03 19:36:56.430,1.60079,1.60108,1.13,1.88
2012.12.03 19:36:56.626,1.60077,1.60108,2.63,2.63
2012.12.03 19:36:57.191,1.60077,1.60108,1.88,2.94
2012.12.03 19:36:57.920,1.60074,1.60099,1.13,1.35
2012.12.03 19:36:58.220,1.60077,1.60103,1.50,1.35
2012.12.03 19:36:58.341,1.60078,1.60109,2.48,1.35
2012.12.03 19:36:58.702,1.60078,1.60111,2.48,2.10
2012.12.03 19:36:58.879,1.60082,1.60111,1.50,2.48
2012.12.03 19:36:59.000,1.60079,1.60103,1.50,1.74
2012.12.03 19:36:59.180,1.60079,1.60109,1.73,2.48
2012.12.03 19:36:59.880,1.60081,1.60103,1.50,1.35
2012.12.03 19:37:00.061,1.60078,1.60103,1.13,2.29
2012.12.03 19:37:00.419,1.60078,1.60111,2.85,1.35
2012.12.03 19:37:00.870,1.60081,1.60111,1.50,2.10
2012.12.03 19:37:01.050,1.6008,1.60103,1.13,1.27
2012.12.03 19:37:01.290,1.60078,1.60111,1.73,1.27
2012.12.03 19:37:01.850,1.60078,1.60111,1.73,2.02
2012.12.03 19:37:02.090,1.60078,1.60104,1.13,2.09
2012.12.03 19:37:03.220,1.60078,1.60112,1.50,1.71
2012.12.03 19:37:03.280,1.60078,1.60112,1.73,1.96
2012.12.03 19:37:04.339,1.60078,1.60111,2.10,1.35
2012.12.03 19:37:04.580,1.60077,1.60103,1.13,1.29
2012.12.03 19:37:05.900,1.60074,1.60103,1.50,1.29
2012.12.03 19:37:06.020,1.60078,1.60106,1.35,1.35
2012.12.03 19:37:06.379,1.60081,1.60111,1.13,1.73
2012.12.03 19:37:06.860,1.60079,1.60111,2.25,1.73
2012.12.03 19:37:07.220,1.60079,1.60108,1.50,1.69
2012.12.03 19:37:07.340,1.6008,1.6011,1.13,1.35
2012.12.03 19:37:07.880,1.60079,1.60111,1.35,1.60
2012.12.03 19:37:08.240,1.60077,1.60102,1.13,1.35
2012.12.03 19:37:08.742,1.60074,1.60102,1.88,1.35
2012.12.03 19:37:10.943,1.60075,1.60103,2.63,1.36
2012.12.03 19:37:11.060,1.60085,1.60119,2.48,1.35
2012.12.03 19:37:12.140,1.60085,1.60119,1.73,1.35
2012.12.03 19:37:12.259,1.60082,1.60111,2.63,1.96
2012.12.03 19:37:12.320,1.60082,1.60111,1.88,1.96
2012.12.03 19:37:20.169,1.60079,1.60111,1.73,1.59
2012.12.03 19:37:20.290,1.60081,1.60113,1.32,1.73
2012.12.03 19:37:21.110,1.60086,1.60116,1.35,1.73
2012.12.03 19:37:21.272,1.60086,1.60116,1.13,1.73
2012.12.03 19:37:21.960,1.6008,1.60103,1.32,2.40
2012.12.03 19:37:22.320,1.60081,1.60107,1.50,1.76
2012.12.03 19:37:22.380,1.60081,1.60111,1.50,1.35
2012.12.03 19:37:22.440,1.60081,1.60112,1.50,1.71
2012.12.03 19:37:22.500,1.60086,1.60113,1.35,1.73
2012.12.03 19:37:22.621,1.60081,1.60111,2.48,1.35
2012.12.03 19:37:22.680,1.60081,1.60109,1.50,1.73
2012.12.03 19:37:22.800,1.60078,1.60109,1.73,1.73
2012.12.03 19:37:24.344,1.60076,1.60109,1.73,1.73
2012.12.03 19:37:24.461,1.60077,1.60103,1.35,1.35
2012.12.03 19:37:25.023,1.60074,1.60099,1.17,1.50
2012.12.03 19:37:25.082,1.60074,1.60099,1.54,1.50
2012.12.03 19:37:25.261,1.60071,1.60099,1.13,1.73
2012.12.03 19:37:25.320,1.60071,1.60099,1.13,1.73
2012.12.03 19:37:25.623,1.60071,1.60099,1.13,1.73
2012.12.03 19:37:26.339,1.60073,1.601,1.13,2.19
2012.12.03 19:37:26.526,1.60072,1.60101,1.13,1.35
2012.12.03 19:37:26.769,1.60072,1.60101,1.13,1.41
2012.12.03 19:37:27.180,1.60072,1.60101,1.13,1.41
2012.12.03 19:37:27.300,1.60075,1.60104,1.58,1.73
2012.12.03 19:37:27.540,1.60076,1.60104,1.50,2.63
2012.12.03 19:37:28.371,1.60076,1.60104,1.50,1.88
2012.12.03 19:37:28.790,1.60075,1.60109,1.73,1.73
2012.12.03 19:37:29.491,1.60075,1.60109,1.73,2.16
2012.12.03 19:37:29.550,1.60075,1.60105,1.73,1.35
2012.12.03 19:37:32.660,1.60075,1.60106,1.35,1.73
2012.12.03 19:37:33.020,1.60071,1.60097,1.13,1.80
2012.12.03 19:37:33.081,1.60071,1.60099,1.13,2.63
2012.12.03 19:37:33.480,1.60071,1.60099,1.13,1.73
2012.12.03 19:37:35.041,1.6007,1.60096,1.88,1.13
2012.12.03 19:37:35.721,1.60071,1.60096,1.13,1.13
2012.12.03 19:37:36.402,1.60071,1.60097,1.13,1.40
2012.12.03 19:37:37.221,1.6007,1.60094,1.13,1.27
2012.12.03 19:37:37.480,1.60068,1.60096,3.00,2.44
2012.12.03 19:37:37.540,1.60068,1.60096,3.00,1.54
2012.12.03 19:37:38.434,1.60068,1.60093,3.00,1.88
2012.12.03 19:37:38.670,1.60068,1.60096,3.00,1.88
2012.12.03 19:37:39.190,1.60069,1.60098,1.88,1.52
2012.12.03 19:37:39.836,1.60072,1.60099,1.13,2.31
2012.12.03 19:37:39.975,1.60072,1.60099,1.13,1.88
2012.12.03 19:37:40.241,1.60072,1.60102,1.13,1.27
2012.12.03 19:37:40.312,1.60071,1.60101,1.13,1.65
2012.12.03 19:37:41.592,1.60069,1.60099,2.25,2.22
2012.12.03 19:37:42.602,1.60071,1.60101,1.50,1.67
2012.12.03 19:37:52.420,1.60071,1.60101,1.13,1.67
2012.12.03 19:37:55.381,1.60071,1.60101,1.13,1.35
2012.12.03 19:37:57.084,1.60071,1.60101,1.88,1.73
2012.12.03 19:37:57.260,1.60076,1.60103,1.35,1.35
2012.12.03 19:38:02.862,1.60083,1.60111,1.50,1.34
2012.12.03 19:38:03.100,1.60085,1.6011,1.13,1.35
2012.12.03 19:38:03.280,1.60085,1.60115,1.50,1.73
2012.12.03 19:38:04.960,1.60086,1.60118,1.13,3.30
2012.12.03 19:38:05.180,1.60085,1.60115,1.50,1.29
2012.12.03 19:38:05.240,1.60085,1.60114,1.50,1.73
2012.12.03 19:38:06.643,1.60077,1.60106,2.63,1.35
2012.12.03 19:38:06.770,1.60077,1.60106,2.63,1.35
2012.12.03 19:38:06.990,1.60077,1.60108,1.88,2.53
2012.12.03 19:38:07.596,1.60077,1.60107,1.13,1.73
2012.12.03 19:38:07.661,1.60077,1.60106,1.50,1.35
2012.12.03 19:38:09.660,1.60077,1.60106,1.13,1.35
2012.12.03 19:38:09.720,1.60078,1.60108,1.13,2.10
2012.12.03 19:38:09.920,1.60077,1.60106,3.00,1.35
2012.12.03 19:38:10.441,1.60078,1.60108,1.13,3.21
2012.12.03 19:38:11.890,1.60079,1.60109,1.13,1.20
2012.12.03 19:38:12.400,1.60078,1.60107,1.50,1.52
2012.12.03 19:38:12.621,1.60077,1.60107,3.38,2.27
2012.12.03 19:38:13.180,1.60077,1.60106,1.50,1.25
2012.12.03 19:38:13.689,1.60073,1.60106,1.73,1.25
2012.12.03 19:38:21.450,1.60072,1.60103,2.10,1.73
2012.12.03 19:38:21.570,1.60072,1.60101,1.50,1.35
2012.12.03 19:38:22.168,1.60071,1.60101,1.50,1.73
2012.12.03 19:38:22.797,1.60072,1.60101,1.50,1.73
2012.12.03 19:38:23.131,1.60078,1.60107,1.50,1.13
2012.12.03 19:38:23.191,1.60078,1.60111,1.73,1.88
2012.12.03 19:38:23.404,1.60081,1.60109,1.50,1.73
2012.12.03 19:38:23.470,1.60081,1.60105,1.50,1.43
2012.12.03 19:38:23.531,1.60078,1.60105,1.50,1.43
2012.12.03 19:38:23.650,1.60078,1.60108,1.50,1.43
2012.12.03 19:38:23.710,1.60077,1.60105,1.50,1.43
2012.12.03 19:38:24.040,1.60078,1.60105,1.50,1.43
2012.12.03 19:38:24.610,1.60076,1.60105,2.25,1.43
2012.12.03 19:38:24.800,1.60076,1.60105,2.25,1.43
2012.12.03 19:38:25.040,1.60082,1.60106,1.50,1.88
2012.12.03 19:38:28.890,1.60078,1.60104,1.50,1.35
2012.12.03 19:38:29.071,1.60077,1.60104,2.25,1.73
2012.12.03 19:38:29.131,1.60077,1.60104,2.33,1.73
2012.12.03 19:38:29.432,1.60084,1.60112,1.50,1.50
2012.12.03 19:38:30.341,1.60087,1.60113,1.50,1.73
2012.12.03 19:38:30.854,1.60085,1.60114,1.50,1.59
2012.12.03 19:38:32.441,1.60087,1.60114,1.50,1.59
2012.12.03 19:38:32.615,1.60084,1.60114,1.88,1.59
2012.12.03 19:38:33.423,1.60084,1.60113,1.88,1.54
2012.12.03 19:38:34.550,1.60087,1.60113,1.50,2.29
2012.12.03 19:38:34.670,1.60087,1.60113,1.50,1.73
2012.12.03 19:38:34.730,1.60084,1.60113,1.50,1.73
2012.12.03 19:38:34.790,1.60084,1.60113,1.50,2.38
2012.12.03 19:38:36.320,1.60087,1.60113,1.50,1.63
2012.12.03 19:38:36.491,1.60087,1.60114,1.50,1.88
2012.12.03 19:38:36.611,1.60085,1.60115,1.50,2.37
2012.12.03 19:38:36.850,1.60085,1.60113,1.50,1.41
2012.12.03 19:38:37.563,1.60083,1.60112,1.50,1.88
2012.12.03 19:38:38.166,1.60083,1.60112,1.50,2.13
2012.12.03 19:38:38.371,1.60085,1.60112,1.13,2.13
2012.12.03 19:38:40.781,1.60086,1.60111,1.50,1.13
2012.12.03 19:38:41.780,1.60085,1.60112,1.50,1.38
2012.12.03 19:38:42.332,1.60086,1.60112,1.50,1.38
2012.12.03 19:38:43.111,1.60086,1.60111,1.50,1.13
2012.12.03 19:38:43.561,1.60081,1.60104,1.50,2.10
2012.12.03 19:38:45.150,1.60077,1.60103,2.25,1.88
2012.12.03 19:38:45.210,1.60077,1.60103,1.50,1.88
2012.12.03 19:38:46.828,1.60077,1.60104,1.50,2.10
2012.12.03 19:38:47.684,1.60078,1.60104,1.50,1.20
2012.12.03 19:38:49.430,1.6008,1.60104,1.50,1.20
2012.12.03 19:38:50.589,1.60077,1.60104,1.50,2.10
2012.12.03 19:38:50.770,1.60076,1.60104,1.88,2.10
2012.12.03 19:38:52.349,1.60076,1.60104,1.88,2.10
2012.12.03 19:38:54.011,1.60076,1.60104,1.50,2.10
2012.12.03 19:38:54.539,1.60076,1.60105,1.50,1.32
2012.12.03 19:38:55.931,1.60078,1.6011,1.50,3.24
2012.12.03 19:38:56.442,1.60081,1.60109,1.50,1.88
2012.12.03 19:38:56.500,1.60081,1.60108,1.50,1.61
2012.12.03 19:38:56.621,1.60082,1.60109,1.13,1.88
2012.12.03 19:38:56.860,1.60084,1.60114,1.88,2.42
2012.12.03 19:38:58.100,1.60086,1.60114,1.50,1.52
2012.12.03 19:38:58.220,1.60088,1.60115,1.13,1.88
2012.12.03 19:38:58.470,1.60086,1.60114,1.50,1.47
2012.12.03 19:38:59.660,1.60086,1.60114,1.50,2.37
2012.12.03 19:38:59.980,1.60084,1.60114,1.50,3.12
2012.12.03 19:39:00.100,1.60086,1.60114,1.50,3.12
2012.12.03 19:39:00.280,1.60086,1.60114,2.25,1.73
2012.12.03 19:39:01.030,1.60086,1.60114,1.88,2.29
2012.12.03 19:39:01.151,1.60086,1.60117,1.13,1.50
2012.12.03 19:39:01.230,1.60086,1.60114,1.13,1.50
2012.12.03 19:39:01.350,1.60086,1.60114,1.13,3.15
2012.12.03 19:39:01.932,1.60085,1.60113,2.25,1.12
2012.12.03 19:39:02.931,1.60085,1.60114,2.25,1.73
2012.12.03 19:39:02.992,1.60086,1.60114,1.50,1.73
2012.12.03 19:39:03.111,1.60085,1.60114,1.50,1.73
2012.12.03 19:39:03.231,1.60085,1.60114,1.50,1.98
2012.12.03 19:39:04.960,1.60085,1.60114,1.50,2.13
2012.12.03 19:39:05.261,1.60089,1.60118,1.50,1.73
2012.12.03 19:39:08.931,1.60092,1.60118,1.50,1.73
2012.12.03 19:39:09.351,1.60096,1.60124,1.88,1.35
2012.12.03 19:39:09.410,1.60096,1.60124,1.13,1.35
2012.12.03 19:39:09.470,1.60096,1.60123,1.13,1.19
2012.12.03 19:39:11.186,1.60095,1.60124,1.50,1.73
2012.12.03 19:39:11.310,1.60096,1.60124,1.50,1.73
2012.12.03 19:39:12.482,1.60098,1.60124,1.13,1.73
2012.12.03 19:39:16.292,1.601,1.60126,1.13,2.42
2012.12.03 19:39:16.650,1.60106,1.60128,1.58,1.13
2012.12.03 19:39:17.070,1.60107,1.60134,1.05,1.88
2012.12.03 19:39:17.190,1.60106,1.60134,1.05,2.28
2012.12.03 19:39:17.712,1.60104,1.60134,2.10,1.38
2012.12.03 19:39:18.279,1.60104,1.60134,1.28,2.13
2012.12.03 19:39:18.399,1.60107,1.60134,1.65,1.38
2012.12.03 19:39:18.520,1.60107,1.60135,1.65,1.88
2012.12.03 19:39:18.702,1.60106,1.60134,1.58,1.73
2012.12.03 19:39:18.819,1.60106,1.60134,1.58,2.22
2012.12.03 19:39:19.120,1.60102,1.60128,1.58,1.36
2012.12.03 19:39:19.750,1.60102,1.60128,1.50,1.36
2012.12.03 19:39:20.787,1.60103,1.60131,1.50,1.51
2012.12.03 19:39:21.070,1.60103,1.60134,1.50,1.20
2012.12.03 19:39:21.190,1.60101,1.60129,1.13,1.73
2012.12.03 19:39:21.250,1.60101,1.60128,1.13,1.43
2012.12.03 19:39:22.670,1.60101,1.60128,1.88,1.05
2012.12.03 19:39:23.109,1.60101,1.60129,1.88,1.43
2012.12.03 19:39:40.467,1.60097,1.6012,1.13,1.35
2012.12.03 19:39:40.770,1.60101,1.60126,1.50,1.80
2012.12.03 19:39:40.830,1.60101,1.60127,1.50,2.48
2012.12.03 19:40:01.757,1.60101,1.60129,1.50,1.73
2012.12.03 19:40:07.536,1.601,1.60128,1.13,1.73
2012.12.03 19:40:07.900,1.60098,1.60126,1.13,1.23
2012.12.03 19:40:07.960,1.60097,1.60125,1.88,1.88
2012.12.03 19:40:09.681,1.60099,1.60123,1.13,1.73
2012.12.03 19:40:10.302,1.601,1.60129,1.50,3.60
2012.12.03 19:40:12.060,1.601,1.60128,1.13,1.35
2012.12.03 19:40:12.603,1.601,1.60128,1.13,1.35
2012.12.03 19:40:13.260,1.60101,1.60129,1.50,1.73
2012.12.03 19:40:13.770,1.60097,1.60125,2.48,1.88
2012.12.03 19:40:13.951,1.60097,1.60122,1.73,1.50
2012.12.03 19:40:14.310,1.60091,1.60119,1.50,1.73
2012.12.03 19:40:15.298,1.60091,1.60119,1.50,1.73
2012.12.03 19:40:15.430,1.60091,1.60119,2.10,1.73
2012.12.03 19:40:15.648,1.60092,1.60123,1.13,1.23
2012.12.03 19:40:15.950,1.60096,1.60124,1.50,2.13
2012.12.03 19:40:16.011,1.60098,1.60124,1.50,1.88
2012.12.03 19:40:16.461,1.60094,1.60125,1.50,2.11
2012.12.03 19:40:22.710,1.60097,1.60121,1.50,1.35
2012.12.03 19:40:27.371,1.60099,1.60123,1.50,1.88
2012.12.03 19:40:27.610,1.60096,1.60123,1.50,1.35
2012.12.03 19:40:27.671,1.60101,1.60123,1.50,1.35
2012.12.03 19:40:27.730,1.60101,1.60123,1.50,1.13
2012.12.03 19:40:27.881,1.60105,1.60123,1.50,1.13
2012.12.03 19:40:28.270,1.60105,1.60127,1.73,1.13
2012.12.03 19:40:28.391,1.60103,1.60132,1.35,1.32
2012.12.03 19:40:28.450,1.60103,1.60128,1.73,1.50
2012.12.03 19:40:28.510,1.60103,1.60128,1.50,1.73
2012.12.03 19:40:28.820,1.60101,1.60127,2.48,1.73
2012.12.03 19:40:29.001,1.60101,1.60127,1.13,2.10
2012.12.03 19:40:29.061,1.60097,1.60124,1.50,1.73
2012.12.03 19:40:31.403,1.60092,1.60122,1.73,1.88
2012.12.03 19:40:31.461,1.60092,1.60118,1.73,1.50
2012.12.03 19:40:31.580,1.60092,1.60118,1.50,1.73
2012.12.03 19:40:31.771,1.60092,1.60117,1.50,1.73
2012.12.03 19:40:32.071,1.60088,1.60115,1.50,1.73
2012.12.03 19:40:33.631,1.60087,1.60117,1.73,1.35
2012.12.03 19:40:33.690,1.60094,1.60118,1.13,1.35
2012.12.03 19:40:33.750,1.60094,1.60118,1.35,1.35
2012.12.03 19:40:33.930,1.60094,1.60119,1.50,1.73
2012.12.03 19:40:34.796,1.60092,1.60117,1.50,1.73
2012.12.03 19:40:34.921,1.60087,1.60117,2.85,1.73
2012.12.03 19:40:35.041,1.60083,1.60114,1.35,1.73
2012.12.03 19:40:35.410,1.60084,1.60113,1.73,1.73
2012.12.03 19:40:37.452,1.60082,1.60115,1.73,1.35
2012.12.03 19:40:37.571,1.6008,1.60112,1.73,1.73
2012.12.03 19:40:37.911,1.60081,1.60109,1.73,1.73
2012.12.03 19:40:38.091,1.60079,1.60109,1.13,1.73
2012.12.03 19:40:38.211,1.60078,1.60108,1.73,1.73
2012.12.03 19:40:41.119,1.60079,1.60112,1.35,1.35
2012.12.03 19:40:41.183,1.60078,1.60109,2.10,1.73
2012.12.03 19:40:41.300,1.60074,1.60108,2.10,1.35
2012.12.03 19:40:41.624,1.60074,1.60104,1.35,1.73
2012.12.03 19:40:41.980,1.60074,1.60107,5.40,1.35
2012.12.03 19:40:42.103,1.60074,1.60108,5.40,1.73
2012.12.03 19:40:54.732,1.60076,1.60107,1.35,1.35
2012.12.03 19:40:57.981,1.60076,1.60108,2.10,1.73
2012.12.03 19:40:58.490,1.60079,1.60108,2.25,1.73
2012.12.03 19:40:58.670,1.60079,1.60108,1.50,1.35
2012.12.03 19:40:59.030,1.60083,1.60114,1.73,1.73
2012.12.03 19:41:03.900,1.60081,1.60115,2.10,2.10
2012.12.03 19:41:04.142,1.6008,1.60107,1.13,1.35
2012.12.03 19:41:04.440,1.60078,1.60108,1.58,1.73
2012.12.03 19:41:05.402,1.6008,1.60109,1.50,1.73
2012.12.03 19:41:07.451,1.60076,1.60103,1.73,1.73
2012.12.03 19:41:07.631,1.60072,1.60103,1.73,1.35
2012.12.03 19:41:07.690,1.60072,1.60103,1.73,1.35
2012.12.03 19:41:08.960,1.60081,1.60111,1.50,1.78
2012.12.03 19:41:09.021,1.60081,1.60111,1.73,1.35
2012.12.03 19:41:09.142,1.60082,1.6011,1.35,1.73
2012.12.03 19:41:09.200,1.60078,1.60108,2.48,1.13
2012.12.03 19:41:09.260,1.60078,1.60108,2.25,1.35
2012.12.03 19:41:10.231,1.60074,1.60104,1.73,1.73
2012.12.03 19:41:12.160,1.60071,1.60103,1.73,1.17
2012.12.03 19:41:12.342,1.60056,1.60081,1.50,1.73
2012.12.03 19:41:12.401,1.60063,1.60085,1.13,1.35
2012.12.03 19:41:12.520,1.60063,1.60087,1.35,3.15
2012.12.03 19:41:12.761,1.60063,1.60095,1.73,1.13
2012.12.03 19:41:12.901,1.60063,1.60097,1.73,1.88
2012.12.03 19:41:12.961,1.60079,1.60105,1.13,1.45
2012.12.03 19:41:13.021,1.6008,1.60109,1.35,1.13
2012.12.03 19:41:13.141,1.60076,1.60099,1.35,1.13
2012.12.03 19:41:13.200,1.60071,1.60097,2.25,1.35
2012.12.03 19:41:13.321,1.60066,1.60099,1.13,2.48
2012.12.03 19:41:13.860,1.60064,1.60099,3.23,2.48
2012.12.03 19:41:14.092,1.60064,1.60099,3.60,1.73
2012.12.03 19:41:14.480,1.60072,1.60104,1.13,2.29
2012.12.03 19:41:14.602,1.60071,1.60105,1.73,2.67
2012.12.03 19:41:14.780,1.60071,1.60104,2.48,1.73
2012.12.03 19:41:16.554,1.60072,1.60105,1.35,2.10
2012.12.03 19:41:18.201,1.60071,1.60104,1.73,2.48
2012.12.03 19:41:18.262,1.60068,1.60098,1.35,1.73
2012.12.03 19:41:26.841,1.60073,1.601,1.50,1.73
2012.12.03 19:41:26.901,1.60073,1.60099,1.50,1.73
2012.12.03 19:41:27.201,1.60074,1.601,1.35,1.35
2012.12.03 19:41:27.261,1.60074,1.60104,1.35,2.48
2012.12.03 19:41:31.180,1.6007,1.601,1.35,1.73
2012.12.03 19:41:31.301,1.60064,1.60085,1.13,1.73
2012.12.03 19:41:31.622,1.60064,1.60084,1.13,1.35
2012.12.03 19:41:31.741,1.60069,1.60095,1.13,1.73
2012.12.03 19:41:43.580,1.60065,1.60093,1.73,1.73
2012.12.03 19:41:45.872,1.60067,1.60093,1.73,1.73
2012.12.03 19:41:46.548,1.60067,1.60093,1.95,1.73
2012.12.03 19:41:46.612,1.60066,1.60093,1.35,1.73
2012.12.03 19:41:46.670,1.60065,1.60092,1.35,1.73
2012.12.03 19:41:46.990,1.60063,1.60092,1.28,1.73
2012.12.03 19:41:47.320,1.60071,1.60102,1.69,1.13
2012.12.03 19:41:47.381,1.60077,1.60102,1.50,1.28
2012.12.03 19:41:47.440,1.6008,1.60109,2.10,1.73
2012.12.03 19:41:47.501,1.6008,1.60109,2.33,1.35
2012.12.03 19:41:47.680,1.60086,1.6011,1.50,1.35
2012.12.03 19:41:47.980,1.60086,1.60114,1.73,1.73
2012.12.03 19:41:48.220,1.60086,1.60118,1.73,2.85
2012.12.03 19:41:49.300,1.60086,1.60119,1.73,2.48
2012.12.03 19:41:50.360,1.60087,1.60119,1.73,1.73
2012.12.03 19:41:50.601,1.60087,1.60118,1.50,1.88
2012.12.03 19:41:51.090,1.60087,1.60116,1.50,1.73
2012.12.03 19:41:57.941,1.60081,1.60112,1.35,1.73
2012.12.03 19:41:58.001,1.60081,1.60112,1.35,1.73
2012.12.03 19:42:00.306,1.60077,1.60112,1.73,1.73
2012.12.03 19:42:00.550,1.60076,1.60105,1.73,1.73
2012.12.03 19:42:02.170,1.60076,1.60108,1.73,2.63
2012.12.03 19:42:02.659,1.60074,1.60108,1.73,2.63
2012.12.03 19:42:03.061,1.60074,1.60108,1.73,2.63
2012.12.03 19:42:04.202,1.60075,1.60109,1.73,1.88
2012.12.03 19:42:04.650,1.60074,1.60108,1.73,2.63
2012.12.03 19:42:06.312,1.60075,1.6011,1.73,1.73
2012.12.03 19:42:06.551,1.60075,1.60108,1.35,2.63
2012.12.03 19:42:06.685,1.60075,1.60107,1.35,1.73
2012.12.03 19:42:06.981,1.60074,1.60103,1.13,1.35
2012.12.03 19:42:07.401,1.60072,1.60103,1.73,1.73
2012.12.03 19:42:07.460,1.60072,1.60104,1.73,1.73
2012.12.03 19:42:09.350,1.60076,1.60109,1.73,1.73
2012.12.03 19:42:09.531,1.60072,1.60108,1.73,4.88
2012.12.03 19:42:13.752,1.60071,1.60105,1.73,1.73
2012.12.03 19:42:20.842,1.60071,1.60104,2.10,1.35
2012.12.03 19:42:21.221,1.60071,1.60104,2.48,2.48
2012.12.03 19:42:21.700,1.60071,1.60104,2.48,2.48
2012.12.03 19:42:22.562,1.60071,1.60104,2.48,1.73
2012.12.03 19:42:33.742,1.6007,1.60101,2.48,1.17
2012.12.03 19:42:34.112,1.60064,1.60089,2.25,1.35
2012.12.03 19:42:34.470,1.60062,1.6009,1.13,1.88
2012.12.03 19:42:34.590,1.60063,1.60095,1.73,1.88
2012.12.03 19:42:36.918,1.60065,1.60096,1.35,1.73
2012.12.03 19:42:39.151,1.60065,1.60096,1.35,1.73
2012.12.03 19:42:39.270,1.60071,1.60102,1.35,2.48
2012.12.03 19:42:40.031,1.60071,1.60104,1.35,2.10
2012.12.03 19:42:45.930,1.60074,1.60104,1.73,1.73
2012.12.03 19:42:46.191,1.60074,1.60104,1.73,1.73
2012.12.03 19:42:46.311,1.60071,1.601,1.13,1.73
2012.12.03 19:42:46.640,1.60069,1.60099,1.13,2.63
2012.12.03 19:42:48.341,1.60068,1.601,1.73,1.88
2012.12.03 19:42:48.853,1.60068,1.60097,1.50,1.13
2012.12.03 19:42:52.712,1.60067,1.60096,1.28,1.35
2012.12.03 19:42:52.861,1.60067,1.60096,1.28,1.35
2012.12.03 19:42:53.742,1.60065,1.60096,1.35,2.25
2012.12.03 19:42:53.817,1.60065,1.60096,1.35,1.50
2012.12.03 19:42:54.001,1.60065,1.60096,1.35,1.50
2012.12.03 19:42:54.100,1.60065,1.60096,1.35,1.50
2012.12.03 19:42:54.300,1.60077,1.60096,1.73,1.28
2012.12.03 19:42:54.360,1.60072,1.60096,1.38,1.28
2012.12.03 19:42:54.733,1.60076,1.60104,1.13,2.10
2012.12.03 19:42:54.851,1.60073,1.60104,1.35,2.10
2012.12.03 19:42:54.970,1.60073,1.60104,1.35,1.35
2012.12.03 19:42:56.050,1.60075,1.60108,2.48,3.38
2012.12.03 19:43:03.411,1.60075,1.60108,1.35,1.73
2012.12.03 19:43:04.382,1.60075,1.60109,1.35,1.73
2012.12.03 19:43:04.501,1.6008,1.60113,1.73,4.35
2012.12.03 19:43:06.500,1.6008,1.60113,1.73,2.48
2012.12.03 19:43:07.461,1.6008,1.60113,1.73,1.73
2012.12.03 19:43:09.891,1.6008,1.60113,1.73,2.48
2012.12.03 19:43:15.360,1.60079,1.60112,1.35,1.35
2012.12.03 19:43:16.670,1.60076,1.60108,2.10,1.73
2012.12.03 19:43:24.411,1.60078,1.60111,1.35,1.73
2012.12.03 19:43:27.401,1.60077,1.60108,1.35,1.73
2012.12.03 19:43:27.641,1.60076,1.60107,1.13,1.35
2012.12.03 19:43:28.242,1.60076,1.60105,1.13,2.16
2012.12.03 19:43:28.994,1.60076,1.60103,1.50,1.88
2012.12.03 19:43:30.180,1.60077,1.60103,1.50,1.88
2012.12.03 19:43:33.170,1.60077,1.60103,1.50,1.88
2012.12.03 19:43:35.960,1.60077,1.60102,1.50,1.13
2012.12.03 19:43:37.441,1.60082,1.60106,1.13,1.78
2012.12.03 19:43:37.501,1.60082,1.60108,1.50,1.88
2012.12.03 19:43:37.562,1.60082,1.60111,1.50,2.63
2012.12.03 19:43:37.621,1.60077,1.6011,1.50,1.73
2012.12.03 19:43:38.023,1.60077,1.60107,1.50,1.73
2012.12.03 19:43:39.030,1.60073,1.60104,2.10,1.88
2012.12.03 19:43:39.392,1.60075,1.60106,1.50,2.63
2012.12.03 19:43:39.511,1.60075,1.60107,1.73,1.35
2012.12.03 19:43:39.721,1.60083,1.60108,1.13,1.50
2012.12.03 19:43:57.351,1.60082,1.60108,1.73,1.88
2012.12.03 19:43:57.650,1.60074,1.60106,1.73,1.73
2012.12.03 19:43:57.830,1.60074,1.60106,1.35,2.63
2012.12.03 19:44:01.325,1.60073,1.60106,1.73,2.63
2012.12.03 19:44:01.462,1.60069,1.601,2.48,1.88
2012.12.03 19:44:02.201,1.60069,1.60097,2.25,1.13
2012.12.03 19:44:04.181,1.60069,1.60097,1.50,1.50
2012.12.03 19:44:05.300,1.60071,1.60097,1.50,1.50
2012.12.03 19:44:05.420,1.60071,1.60097,1.73,1.88
2012.12.03 19:44:05.480,1.60072,1.60097,1.73,1.88
2012.12.03 19:44:18.782,1.60071,1.60097,1.73,1.13
2012.12.03 19:44:19.080,1.60066,1.60097,1.73,1.13
2012.12.03 19:44:21.490,1.60071,1.60097,1.50,1.13
2012.12.03 19:44:21.552,1.60071,1.60097,1.73,1.13
2012.12.03 19:44:22.406,1.60068,1.60095,1.35,1.65
2012.12.03 19:44:22.711,1.60068,1.60095,1.13,2.25
2012.12.03 19:44:23.031,1.60062,1.60088,1.13,1.73
2012.12.03 19:44:23.151,1.60062,1.60088,1.13,1.73
2012.12.03 19:44:23.902,1.6006,1.60093,1.73,2.85
2012.12.03 19:44:24.021,1.6006,1.60094,1.73,1.73
2012.12.03 19:44:25.681,1.6006,1.60085,1.73,1.13
2012.12.03 19:44:25.801,1.60056,1.60085,2.10,1.73
2012.12.03 19:44:34.060,1.60056,1.60088,1.35,1.73
2012.12.03 19:44:34.400,1.60057,1.60088,1.73,1.73
2012.12.03 19:44:34.963,1.60061,1.60093,1.35,2.48
2012.12.03 19:44:35.468,1.60062,1.60093,1.35,2.48
2012.12.03 19:44:36.442,1.60062,1.60089,1.35,1.73
2012.12.03 19:44:39.631,1.60063,1.60093,1.13,2.10
2012.12.03 19:44:39.691,1.60063,1.60093,1.35,2.10
2012.12.03 19:44:49.571,1.60065,1.60092,1.35,1.35
2012.12.03 19:44:49.631,1.60063,1.60083,1.35,1.50
2012.12.03 19:44:49.810,1.60052,1.60078,1.88,1.35
2012.12.03 19:44:49.871,1.60052,1.60078,1.88,1.35
2012.12.03 19:44:50.171,1.60047,1.60074,1.28,1.73
2012.12.03 19:44:50.481,1.60052,1.60077,1.13,1.73
2012.12.03 19:44:50.721,1.60052,1.60078,1.13,1.73
2012.12.03 19:44:50.981,1.60052,1.60078,1.28,2.48
2012.12.03 19:44:51.101,1.60051,1.60077,1.13,1.73
2012.12.03 19:44:56.671,1.60049,1.60078,1.35,1.35
2012.12.03 19:44:56.851,1.60051,1.60079,1.43,1.35
2012.12.03 19:44:56.911,1.60052,1.60083,1.73,1.35
2012.12.03 19:44:57.150,1.60052,1.60084,1.73,1.73
2012.12.03 19:44:57.270,1.60052,1.60084,1.73,1.73
2012.12.03 19:44:58.951,1.60055,1.60086,1.35,1.73
2012.12.03 19:44:59.360,1.60055,1.60084,1.35,1.73
2012.12.03 19:45:01.031,1.60055,1.60088,1.73,1.35
2012.12.03 19:45:01.521,1.60055,1.60086,1.73,1.73
2012.12.03 19:45:01.712,1.60055,1.60085,1.73,1.73
2012.12.03 19:45:01.951,1.60055,1.60085,1.73,1.73
2012.12.03 19:45:02.191,1.60055,1.60081,1.50,1.73
2012.12.03 19:45:02.982,1.6005,1.60074,1.50,1.35
2012.12.03 19:45:03.042,1.6005,1.60074,1.13,1.73
2012.12.03 19:45:03.231,1.60041,1.60074,3.23,1.73
2012.12.03 19:45:03.351,1.60046,1.60073,1.13,1.35
2012.12.03 19:45:03.540,1.60047,1.60074,1.50,1.73
2012.12.03 19:45:03.841,1.60053,1.60083,1.50,2.40
2012.12.03 19:45:03.961,1.6005,1.6008,1.13,1.65
2012.12.03 19:45:04.172,1.6005,1.6008,2.48,1.65
2012.12.03 19:45:04.690,1.60053,1.60083,1.73,1.73
2012.12.03 19:45:05.315,1.6005,1.60083,1.73,1.65
2012.12.03 19:45:06.171,1.60051,1.60083,1.35,1.73
2012.12.03 19:45:08.872,1.6005,1.60081,1.35,1.73
2012.12.03 19:45:09.032,1.6005,1.60081,1.13,1.73
2012.12.03 19:45:14.231,1.60053,1.60082,1.50,1.19
2012.12.03 19:45:14.291,1.60053,1.60086,1.73,1.73
2012.12.03 19:45:14.892,1.60054,1.60088,1.73,1.73
2012.12.03 19:45:15.071,1.60057,1.60089,1.73,1.73
2012.12.03 19:45:17.641,1.60056,1.60085,2.10,1.73
2012.12.03 19:45:17.801,1.60056,1.60085,1.88,1.73
2012.12.03 19:45:18.341,1.60056,1.60083,1.13,1.35
2012.12.03 19:45:31.231,1.6006,1.60084,1.09,1.35
2012.12.03 19:45:31.562,1.6006,1.60084,1.09,1.35
2012.12.03 19:45:33.618,1.6006,1.60089,1.32,1.73
2012.12.03 19:45:36.400,1.60062,1.60094,2.10,1.73
2012.12.03 19:45:36.581,1.60064,1.60094,1.35,1.73
2012.12.03 19:45:36.700,1.60063,1.60093,1.35,1.35
2012.12.03 19:45:37.250,1.60064,1.60094,1.13,2.48
2012.12.03 19:45:38.911,1.60062,1.60093,2.10,1.35
2012.12.03 19:45:39.091,1.60064,1.60098,2.10,1.73
2012.12.03 19:45:39.151,1.60064,1.60098,2.10,1.73
2012.12.03 19:45:39.841,1.60064,1.60095,1.50,1.73
2012.12.03 19:45:49.451,1.60059,1.6009,1.13,1.73
2012.12.03 19:45:49.941,1.60059,1.6009,1.13,1.73
2012.12.03 19:45:50.697,1.60059,1.6009,1.50,3.12
2012.12.03 19:45:51.261,1.60056,1.6009,1.88,3.12
2012.12.03 19:45:51.597,1.60059,1.6009,1.13,3.12
2012.12.03 19:46:01.841,1.60057,1.60088,1.35,1.35
2012.12.03 19:46:02.611,1.60059,1.60088,1.13,1.28
2012.12.03 19:46:09.661,1.60058,1.6009,1.13,1.73
2012.12.03 19:46:09.783,1.60063,1.60094,1.35,3.23
2012.12.03 19:46:10.464,1.60063,1.60096,1.35,2.10
2012.12.03 19:46:11.662,1.60062,1.60096,2.10,2.10
2012.12.03 19:46:13.071,1.60066,1.60096,1.13,2.48
2012.12.03 19:46:17.924,1.60066,1.60096,1.13,2.48
2012.12.03 19:46:18.466,1.60066,1.60096,1.13,2.48
2012.12.03 19:46:18.961,1.60068,1.60096,1.13,1.73
2012.12.03 19:46:19.202,1.60066,1.60096,1.13,2.48
2012.12.03 19:46:19.486,1.60066,1.60096,1.13,2.48
2012.12.03 19:46:20.261,1.60067,1.60096,1.13,2.10
2012.12.03 19:46:20.332,1.60067,1.60096,1.13,2.10
2012.12.03 19:46:21.881,1.60068,1.60097,1.13,1.73
2012.12.03 19:46:22.493,1.60068,1.60097,1.13,1.73
2012.12.03 19:46:23.342,1.60067,1.60097,1.13,1.73
2012.12.03 19:46:23.462,1.60068,1.60098,1.50,1.94
2012.12.03 19:46:23.854,1.60078,1.60098,2.25,1.71
2012.12.03 19:46:23.971,1.60081,1.60101,1.32,1.65
2012.12.03 19:46:24.798,1.60087,1.60118,1.73,1.35
2012.12.03 19:46:24.871,1.60088,1.60113,1.73,1.35
2012.12.03 19:46:26.132,1.60088,1.6012,1.73,1.73
2012.12.03 19:46:26.661,1.60088,1.60109,1.73,1.28
2012.12.03 19:46:27.001,1.60078,1.60107,1.50,1.36
2012.12.03 19:46:27.181,1.60077,1.60105,1.13,1.73
2012.12.03 19:46:27.612,1.60079,1.60107,1.09,1.36
2012.12.03 19:46:28.185,1.60082,1.60108,1.50,2.02
2012.12.03 19:46:28.512,1.60082,1.60104,1.50,1.35
2012.12.03 19:46:29.292,1.60082,1.60108,1.50,1.17
2012.12.03 19:46:29.412,1.60092,1.60111,1.13,1.69
2012.12.03 19:46:29.534,1.60093,1.60113,1.73,1.28
2012.12.03 19:46:29.592,1.60093,1.60119,1.73,1.65
2012.12.03 19:46:29.651,1.60093,1.6012,1.73,1.50
2012.12.03 19:46:29.891,1.60092,1.6012,1.13,1.50
2012.12.03 19:46:30.011,1.60086,1.60116,1.50,2.27
2012.12.03 19:46:30.301,1.60086,1.60116,1.50,1.35
2012.12.03 19:46:32.221,1.60083,1.60116,1.50,2.10
2012.12.03 19:46:32.421,1.60081,1.60108,1.50,1.18
2012.12.03 19:46:32.611,1.60082,1.60108,1.50,1.18
2012.12.03 19:46:32.851,1.60084,1.60109,1.50,1.73
2012.12.03 19:46:40.453,1.60088,1.60118,1.13,2.50
2012.12.03 19:46:40.513,1.60092,1.60118,1.50,1.88
2012.12.03 19:46:40.691,1.60089,1.60121,1.13,2.67
2012.12.03 19:46:40.750,1.60086,1.6012,1.73,1.73
2012.12.03 19:46:40.931,1.60086,1.60113,1.13,1.20
2012.12.03 19:46:41.089,1.60084,1.60113,1.50,1.20
2012.12.03 19:46:43.191,1.6008,1.60106,1.73,1.88
2012.12.03 19:46:43.491,1.60074,1.601,1.13,2.03
2012.12.03 19:46:43.841,1.60074,1.60099,1.13,1.35
2012.12.03 19:46:44.344,1.60074,1.60099,1.13,1.73
2012.12.03 19:46:44.403,1.60074,1.60099,1.13,1.73
2012.12.03 19:46:45.692,1.60072,1.60099,1.50,1.73
2012.12.03 19:46:46.130,1.60072,1.60099,1.50,1.73
2012.12.03 19:46:46.324,1.60077,1.60104,1.50,1.35
2012.12.03 19:46:52.001,1.60077,1.60106,1.84,1.61
2012.12.03 19:47:10.211,1.60082,1.60103,1.13,1.35
2012.12.03 19:47:10.571,1.60077,1.60101,2.44,1.35
2012.12.03 19:47:10.691,1.60072,1.60101,1.69,1.43
2012.12.03 19:47:16.892,1.6007,1.60104,1.32,1.34
2012.12.03 19:47:17.011,1.60076,1.60108,1.32,1.73
2012.12.03 19:47:43.673,1.60076,1.60108,1.50,1.73
2012.12.03 19:47:43.901,1.60076,1.60108,1.73,1.73
2012.12.03 19:47:45.642,1.60072,1.60107,1.73,2.48
2012.12.03 19:47:45.766,1.60072,1.60104,1.73,1.73
2012.12.03 19:47:46.325,1.60076,1.60104,1.13,1.73
2012.12.03 19:48:30.640,1.60077,1.60108,1.50,1.73
2012.12.03 19:48:32.674,1.60077,1.60108,1.50,1.73
2012.12.03 19:48:51.150,1.60072,1.60108,1.35,1.10
2012.12.03 19:48:53.281,1.60072,1.60109,1.35,1.29
2012.12.03 19:49:01.212,1.60072,1.60108,1.35,1.21
2012.12.03 19:49:07.792,1.60073,1.60103,1.13,1.20
2012.12.03 19:49:07.851,1.60071,1.601,1.13,1.73
2012.12.03 19:49:07.911,1.60065,1.60094,2.07,1.35
2012.12.03 19:49:08.031,1.60065,1.60094,1.47,2.00
2012.12.03 19:49:08.581,1.60065,1.60094,1.69,2.00
2012.12.03 19:49:08.641,1.60065,1.60094,3.19,1.25
2012.12.03 19:49:08.761,1.60065,1.60098,4.17,1.88
2012.12.03 19:49:09.368,1.60071,1.60099,1.50,3.60
2012.12.03 19:49:12.659,1.60071,1.60102,1.50,1.35
2012.12.03 19:49:14.660,1.60074,1.60103,1.50,1.35
2012.12.03 19:49:14.779,1.60074,1.60108,1.50,1.28
2012.12.03 19:49:38.329,1.60074,1.60109,1.50,2.03
2012.12.03 19:49:38.510,1.60074,1.60109,1.73,1.73
2012.12.03 19:49:44.302,1.60082,1.60111,1.73,1.88
2012.12.03 19:49:50.521,1.60083,1.60113,1.73,1.73
2012.12.03 19:50:00.531,1.60083,1.6011,1.50,1.88
2012.12.03 19:50:01.052,1.60083,1.6011,1.73,1.88
2012.12.03 19:50:17.370,1.60082,1.60113,1.73,1.92
2012.12.03 19:50:38.390,1.60078,1.60113,1.35,1.17
2012.12.03 19:50:42.549,1.60078,1.60113,1.35,1.17
2012.12.03 19:50:44.930,1.60078,1.60112,1.35,1.35
2012.12.03 19:50:44.990,1.60078,1.60111,1.35,1.88
2012.12.03 19:50:45.049,1.60076,1.60109,1.73,1.73
2012.12.03 19:51:06.490,1.60082,1.6011,1.50,1.50
2012.12.03 19:51:06.670,1.60086,1.60116,1.50,2.10
2012.12.03 19:51:11.107,1.60086,1.60116,1.50,2.10
2012.12.03 19:51:11.171,1.60091,1.60116,1.50,2.10
2012.12.03 19:51:11.410,1.60087,1.60111,1.35,1.13
2012.12.03 19:51:11.750,1.60083,1.60111,1.13,1.73
2012.12.03 19:51:12.600,1.60082,1.60111,1.50,1.35
2012.12.03 19:51:16.101,1.60082,1.60111,1.50,1.35
2012.12.03 19:51:16.220,1.60086,1.60116,1.50,3.79
2012.12.03 19:51:22.691,1.60086,1.60117,1.50,2.67
2012.12.03 19:51:36.690,1.60082,1.60109,1.35,1.35
2012.12.03 19:51:36.931,1.6008,1.60109,1.13,1.73
2012.12.03 19:51:45.520,1.60079,1.60108,1.13,1.73
2012.12.03 19:51:51.220,1.60075,1.60104,1.35,1.35
2012.12.03 19:51:51.280,1.60075,1.60103,1.35,1.35
2012.12.03 19:51:51.640,1.60072,1.60103,2.10,1.73
2012.12.03 19:51:51.971,1.60072,1.60103,1.88,1.73
2012.12.03 19:51:53.278,1.60072,1.60103,1.88,1.73
2012.12.03 19:51:53.590,1.60066,1.60095,1.13,1.35
2012.12.03 19:51:53.770,1.60069,1.60099,1.35,1.35
2012.12.03 19:51:53.891,1.60071,1.60103,1.73,1.35
2012.12.03 19:51:54.281,1.60073,1.60103,1.13,1.35
2012.12.03 19:51:54.764,1.60073,1.60103,1.13,1.35
2012.12.03 19:51:56.770,1.60077,1.60106,1.13,2.63
2012.12.03 19:51:57.600,1.60077,1.60108,1.13,1.35
2012.12.03 19:52:09.559,1.60077,1.60108,1.13,1.35
2012.12.03 19:52:19.080,1.60077,1.60108,1.13,1.35
2012.12.03 19:52:21.709,1.60076,1.60109,1.88,3.57
2012.12.03 19:52:22.217,1.60077,1.60109,1.13,3.57
2012.12.03 19:52:23.910,1.60077,1.60108,1.13,1.35
2012.12.03 19:52:24.030,1.60077,1.60109,1.13,1.73
2012.12.03 19:52:26.951,1.60076,1.60108,1.50,2.29
2012.12.03 19:52:42.601,1.60077,1.60108,1.13,1.73
2012.12.03 19:52:49.801,1.60077,1.60107,1.13,1.73
2012.12.03 19:52:57.161,1.60075,1.60108,1.35,1.35
2012.12.03 19:52:57.280,1.60074,1.60104,1.35,1.73
2012.12.03 19:52:57.340,1.60072,1.60104,1.13,1.73
2012.12.03 19:52:57.461,1.60071,1.60103,1.88,1.35
2012.12.03 19:53:04.355,1.60072,1.60103,1.50,1.35
2012.12.03 19:53:04.543,1.60075,1.60108,1.73,1.73
2012.12.03 19:53:11.930,1.60075,1.60108,1.35,1.73
2012.12.03 19:53:11.994,1.60075,1.60104,1.13,1.20
2012.12.03 19:53:12.110,1.60072,1.60104,1.50,1.20
2012.12.03 19:53:22.340,1.60072,1.60101,1.50,2.10
2012.12.03 19:53:22.701,1.6008,1.60102,1.50,1.35
2012.12.03 19:53:22.881,1.6008,1.60102,1.50,1.35
2012.12.03 19:53:23.617,1.6008,1.60111,1.50,1.73
2012.12.03 19:53:26.705,1.6008,1.60105,1.50,1.73
2012.12.03 19:53:28.804,1.60082,1.60113,1.50,3.23
2012.12.03 19:53:29.040,1.60085,1.60114,1.73,1.73
2012.12.03 19:53:30.461,1.60081,1.60115,1.73,1.92
2012.12.03 19:53:30.579,1.60081,1.60113,1.50,1.61
2012.12.03 19:53:32.577,1.60081,1.60112,1.50,1.61
2012.12.03 19:53:32.675,1.60081,1.60112,1.50,1.61
2012.12.03 19:53:33.350,1.60077,1.60112,2.10,1.61
2012.12.03 19:53:33.711,1.60077,1.60105,1.13,1.34
2012.12.03 19:53:35.985,1.60071,1.60103,1.50,1.59
2012.12.03 19:53:43.400,1.60071,1.60102,1.50,2.85
2012.12.03 19:53:52.672,1.60071,1.60103,1.50,1.47
2012.12.03 19:54:01.508,1.60071,1.60102,1.50,1.61
2012.12.03 19:54:03.487,1.60071,1.60103,1.50,1.59
2012.12.03 19:54:12.722,1.60071,1.60102,1.50,1.32
2012.12.03 19:54:14.488,1.60071,1.60104,1.50,2.04
2012.12.03 19:54:16.266,1.60071,1.60103,1.50,1.47
2012.12.03 19:54:18.027,1.60071,1.60104,1.50,3.61
2012.12.03 19:54:19.060,1.60071,1.60103,1.50,1.25
2012.12.03 19:54:19.685,1.60071,1.60104,1.50,3.75
2012.12.03 19:54:19.796,1.60071,1.60102,1.50,1.38
2012.12.03 19:54:21.030,1.60071,1.60104,1.50,3.80
2012.12.03 19:54:22.209,1.60071,1.60102,1.50,1.52
2012.12.03 19:54:23.853,1.60071,1.60103,1.50,1.43
2012.12.03 19:54:24.738,1.60071,1.60102,1.50,1.38
2012.12.03 19:54:26.718,1.60071,1.60103,1.50,1.45
2012.12.03 19:54:52.675,1.60068,1.60103,4.20,1.27
2012.12.03 19:54:53.331,1.60068,1.60095,3.83,1.73
2012.12.03 19:54:53.692,1.60068,1.60093,2.85,3.60
2012.12.03 19:54:53.931,1.60062,1.60093,1.35,3.60
2012.12.03 19:54:55.458,1.60061,1.60093,1.73,3.60
2012.12.03 19:54:57.060,1.60069,1.60095,1.50,2.48
2012.12.03 19:54:57.451,1.60071,1.60095,1.73,2.25
2012.12.03 19:54:57.651,1.60071,1.60099,1.73,1.73
2012.12.03 19:55:03.016,1.60071,1.60101,1.73,1.35
2012.12.03 19:55:08.292,1.60067,1.60101,1.73,2.10
2012.12.03 19:55:08.410,1.60067,1.60098,1.73,1.35
2012.12.03 19:55:08.731,1.60062,1.60092,1.73,3.23
2012.12.03 19:55:10.572,1.60057,1.60094,3.19,1.73
2012.12.03 19:55:10.939,1.60059,1.60093,2.10,1.35
2012.12.03 19:55:11.004,1.60062,1.60093,1.73,1.35
2012.12.03 19:55:11.062,1.60062,1.60093,1.88,1.62
2012.12.03 19:55:11.510,1.60066,1.60091,1.50,1.88
2012.12.03 19:55:12.938,1.60066,1.60098,1.50,2.82
2012.12.03 19:55:13.641,1.60064,1.60098,1.35,2.82
2012.12.03 19:55:13.760,1.60064,1.60097,1.35,1.35
2012.12.03 19:55:15.941,1.60064,1.60093,1.13,1.59
2012.12.03 19:55:25.365,1.60064,1.60093,1.13,1.59
2012.12.03 19:55:25.621,1.60067,1.60098,1.50,2.19
2012.12.03 19:55:32.549,1.60067,1.60098,1.50,2.19
2012.12.03 19:55:35.950,1.60067,1.60098,1.50,1.29
2012.12.03 19:55:37.680,1.6007,1.60098,1.50,1.29
2012.12.03 19:55:37.740,1.60071,1.60099,1.50,1.88
2012.12.03 19:55:37.801,1.60066,1.60099,1.73,1.88
2012.12.03 19:55:37.980,1.60066,1.60099,1.88,1.43
2012.12.03 19:55:38.401,1.60071,1.60096,1.50,1.35
2012.12.03 19:55:38.520,1.60071,1.60101,1.50,1.88
2012.12.03 19:55:41.200,1.6007,1.60101,1.13,1.73
2012.12.03 19:55:41.260,1.60067,1.60099,2.10,1.88
2012.12.03 19:55:41.380,1.60067,1.60098,1.50,1.88
2012.12.03 19:55:41.627,1.60072,1.60101,1.50,1.35
2012.12.03 19:55:42.247,1.60072,1.60101,1.88,1.35
2012.12.03 19:55:43.245,1.60071,1.60101,1.50,1.35
2012.12.03 19:55:48.610,1.60072,1.60104,1.50,1.29
2012.12.03 19:55:48.850,1.60074,1.60105,1.73,1.92
2012.12.03 19:55:51.530,1.60076,1.60107,1.50,1.92
2012.12.03 19:55:59.702,1.60076,1.60106,1.50,2.82
2012.12.03 19:56:02.601,1.60077,1.60106,1.50,2.82
2012.12.03 19:56:12.578,1.60076,1.60101,2.25,1.88
2012.12.03 19:56:12.881,1.60074,1.60099,1.50,2.13
2012.12.03 19:56:12.940,1.60072,1.60099,1.09,2.13
2012.12.03 19:56:13.531,1.60069,1.60098,1.50,2.15
2012.12.03 19:56:15.231,1.60072,1.60097,1.50,1.35
2012.12.03 19:56:15.350,1.60072,1.60097,1.50,1.35
2012.12.03 19:56:20.033,1.60075,1.60103,1.50,1.52
2012.12.03 19:56:22.521,1.60077,1.60108,1.73,1.73
2012.12.03 19:56:28.211,1.60082,1.6011,1.50,3.50
2012.12.03 19:56:28.772,1.60084,1.60114,1.50,1.38
2012.12.03 19:56:30.971,1.60085,1.60114,1.13,1.01
2012.12.03 19:56:32.062,1.60084,1.60112,1.13,2.37
2012.12.03 19:56:32.612,1.60084,1.60114,1.13,1.01
2012.12.03 19:56:35.431,1.60088,1.60115,1.13,1.55
2012.12.03 19:56:35.952,1.60087,1.60115,1.13,1.55
2012.12.03 19:56:39.073,1.60085,1.60114,1.13,1.01
2012.12.03 19:56:40.046,1.60085,1.60114,1.88,1.01
2012.12.03 19:56:40.351,1.60092,1.60115,1.09,1.55
2012.12.03 19:56:40.411,1.60092,1.60115,1.09,1.01
2012.12.03 19:56:47.710,1.60091,1.60114,1.50,1.01
2012.12.03 19:56:48.250,1.60097,1.60118,1.50,1.01
2012.12.03 19:56:48.577,1.60094,1.60118,1.50,1.01
2012.12.03 19:56:50.440,1.60097,1.60123,1.50,1.73
2012.12.03 19:56:50.620,1.60095,1.60123,1.73,1.73
2012.12.03 19:56:53.730,1.60094,1.60124,1.13,1.20
2012.12.03 19:57:03.250,1.6009,1.60124,1.73,2.29
2012.12.03 19:57:03.370,1.6009,1.60119,1.50,1.32
2012.12.03 19:57:06.271,1.60092,1.60119,2.25,1.32
2012.12.03 19:57:06.876,1.6009,1.6012,1.50,1.52
2012.12.03 19:57:10.040,1.6009,1.60117,1.50,1.47
2012.12.03 19:57:10.160,1.60087,1.60117,1.50,1.47
2012.12.03 19:57:10.760,1.60087,1.60116,1.50,1.41
2012.12.03 19:57:12.633,1.60086,1.60116,2.63,1.41
2012.12.03 19:57:32.702,1.60087,1.60116,1.50,1.41
2012.12.03 19:57:42.658,1.60086,1.60116,2.63,1.41
2012.12.03 19:57:49.201,1.60086,1.60113,1.13,1.73
2012.12.03 19:57:49.261,1.60082,1.6011,1.73,1.88
2012.12.03 19:57:49.321,1.60082,1.60108,1.50,1.59
2012.12.03 19:57:49.381,1.6008,1.60108,1.13,1.59
2012.12.03 19:57:53.029,1.60078,1.60108,1.50,1.59
2012.12.03 19:58:02.241,1.60079,1.6011,1.50,2.31
2012.12.03 19:58:04.470,1.60079,1.6011,1.50,1.56
2012.12.03 19:58:12.614,1.60078,1.6011,1.50,1.56
2012.12.03 19:58:17.431,1.60078,1.6011,1.50,1.56
2012.12.03 19:58:19.201,1.60078,1.6011,2.25,1.56
2012.12.03 19:58:19.260,1.60078,1.60113,2.48,1.73
2012.12.03 19:58:19.790,1.60082,1.60113,2.25,1.73
2012.12.03 19:58:26.272,1.60082,1.60113,1.50,1.73
2012.12.03 19:58:27.710,1.60082,1.60115,1.50,1.20
2012.12.03 19:58:28.840,1.60083,1.60115,1.13,1.20
2012.12.03 19:58:31.041,1.60083,1.60113,1.50,1.73
2012.12.03 19:58:37.292,1.60082,1.60115,1.50,1.20
2012.12.03 19:58:48.861,1.60082,1.60113,1.50,2.48
2012.12.03 19:58:48.922,1.6008,1.6011,1.13,1.43
2012.12.03 19:58:48.981,1.60079,1.6011,1.88,1.43
2012.12.03 19:58:49.511,1.60078,1.60111,1.73,1.20
2012.12.03 19:58:49.817,1.60078,1.60111,2.48,1.20
2012.12.03 19:58:58.392,1.60079,1.60112,1.50,1.20
2012.12.03 19:58:58.511,1.60085,1.60119,1.50,1.35
2012.12.03 19:58:58.690,1.60086,1.6012,1.50,1.35
2012.12.03 19:58:58.872,1.60093,1.60124,1.73,1.01
2012.12.03 19:59:01.181,1.60093,1.60125,1.50,1.32
2012.12.03 19:59:01.241,1.60092,1.60125,1.73,1.32
2012.12.03 19:59:08.069,1.60091,1.60123,1.73,1.01
2012.12.03 19:59:08.191,1.60091,1.60121,1.50,1.50
2012.12.03 19:59:08.370,1.60087,1.60121,1.88,1.50
2012.12.03 19:59:08.610,1.6009,1.60121,1.50,1.50
2012.12.03 19:59:08.851,1.60092,1.60123,1.73,1.73
2012.12.03 19:59:09.461,1.60092,1.60124,2.48,1.38
2012.12.03 19:59:10.181,1.60089,1.60119,1.50,1.73
2012.12.03 19:59:10.480,1.60093,1.6012,1.50,2.48
2012.12.03 19:59:12.275,1.60093,1.60121,1.50,1.05
2012.12.03 19:59:12.581,1.60088,1.60119,1.50,2.48
2012.12.03 19:59:12.640,1.60088,1.60119,1.50,3.23
2012.12.03 19:59:13.341,1.60088,1.6012,2.25,3.60
2012.12.03 19:59:13.462,1.60092,1.6012,2.48,1.35
2012.12.03 19:59:14.941,1.60092,1.60123,3.04,1.01
2012.12.03 19:59:15.121,1.60093,1.60128,1.69,1.81
2012.12.03 19:59:15.361,1.60102,1.60131,1.50,1.79
2012.12.03 19:59:15.492,1.601,1.60131,1.13,2.48
2012.12.03 19:59:15.911,1.60097,1.60124,1.50,1.01
2012.12.03 19:59:16.153,1.60101,1.60133,1.50,1.35
2012.12.03 19:59:16.392,1.60101,1.60133,1.50,2.00
2012.12.03 19:59:16.912,1.601,1.60128,1.13,1.01
2012.12.03 19:59:17.391,1.60098,1.60124,1.13,1.01
2012.12.03 19:59:17.691,1.60096,1.60124,2.25,1.01
2012.12.03 19:59:22.635,1.60096,1.60124,2.25,1.01
2012.12.03 19:59:23.610,1.60099,1.60128,1.50,1.57
2012.12.03 19:59:23.862,1.60097,1.60123,1.50,1.01
2012.12.03 19:59:24.431,1.60095,1.60117,1.13,1.88
2012.12.03 19:59:24.551,1.60089,1.60117,1.13,1.29
2012.12.03 19:59:25.111,1.60087,1.60117,1.88,2.19
2012.12.03 19:59:25.351,1.60086,1.60113,1.13,1.59
2012.12.03 19:59:25.531,1.60083,1.60109,1.88,1.88
2012.12.03 19:59:25.711,1.60083,1.60108,1.13,1.56
2012.12.03 19:59:25.771,1.60081,1.60108,1.13,1.56
2012.12.03 19:59:26.031,1.60082,1.60111,1.88,1.88
2012.12.03 19:59:26.331,1.60082,1.60107,1.13,1.56
2012.12.03 19:59:26.985,1.60082,1.60107,1.13,1.56
2012.12.03 19:59:27.421,1.6008,1.60107,1.88,1.56
2012.12.03 19:59:27.602,1.6008,1.60107,2.63,1.56
2012.12.03 19:59:28.542,1.6008,1.60108,1.69,2.46
2012.12.03 19:59:28.851,1.60083,1.60108,1.50,1.56
2012.12.03 19:59:28.911,1.60083,1.6011,1.50,1.35
2012.12.03 19:59:28.973,1.60084,1.60113,1.50,2.25
2012.12.03 19:59:30.332,1.60084,1.60113,1.50,1.50
2012.12.03 19:59:30.524,1.60084,1.60114,2.25,2.40
2012.12.03 19:59:30.801,1.60084,1.60113,1.50,1.50
2012.12.03 19:59:31.542,1.6008,1.60107,4.50,1.52
2012.12.03 19:59:31.602,1.6008,1.60107,3.94,1.52
2012.12.03 19:59:31.661,1.6008,1.60107,3.94,1.52
2012.12.03 19:59:31.722,1.60082,1.60112,1.32,1.88
2012.12.03 19:59:37.022,1.60083,1.60112,1.69,1.38
2012.12.03 19:59:37.343,1.60083,1.60114,1.69,2.31
2012.12.03 19:59:37.832,1.60082,1.60113,3.19,1.41
2012.12.03 19:59:38.382,1.60083,1.60115,1.50,1.56
2012.12.03 19:59:38.502,1.6009,1.6012,1.88,1.13
2012.12.03 19:59:40.310,1.6009,1.60127,1.50,1.62
2012.12.03 19:59:40.490,1.60098,1.60128,1.50,1.50
2012.12.03 19:59:40.610,1.60096,1.60123,2.25,1.01
2012.12.03 19:59:40.731,1.60096,1.60123,1.50,1.01
2012.12.03 19:59:40.851,1.60092,1.60121,1.50,1.29
2012.12.03 19:59:41.203,1.60089,1.60117,1.50,1.73
2012.12.03 19:59:41.381,1.60089,1.60117,1.13,1.73
2012.12.03 19:59:41.501,1.60088,1.60114,1.50,1.88
2012.12.03 19:59:41.621,1.60082,1.60112,2.44,1.41
2012.12.03 19:59:41.860,1.60089,1.60122,1.50,1.32
2012.12.03 19:59:42.101,1.6009,1.60123,1.50,1.35
2012.12.03 19:59:42.646,1.60092,1.60123,1.50,1.35
2012.12.03 19:59:43.331,1.60089,1.60122,1.50,1.32
2012.12.03 19:59:43.513,1.60091,1.60124,1.50,1.01
2012.12.03 19:59:43.763,1.60091,1.60124,1.50,1.01
2012.12.03 19:59:43.896,1.60091,1.60124,1.50,1.57
2012.12.03 19:59:44.471,1.60091,1.60124,1.50,1.55
2012.12.03 19:59:46.692,1.60091,1.60124,1.50,1.55
2012.12.03 19:59:48.825,1.60091,1.60124,1.50,2.66
2012.12.03 19:59:49.849,1.60091,1.60123,1.50,1.14
2012.12.03 19:59:51.043,1.60091,1.60123,1.50,1.10
2012.12.03 19:59:52.255,1.60091,1.60123,1.50,1.21
2012.12.03 19:59:52.571,1.60084,1.60113,1.13,1.59
2012.12.03 19:59:52.871,1.60086,1.60114,1.50,2.18
2012.12.03 19:59:53.050,1.60086,1.60115,2.48,1.35
2012.12.03 19:59:53.351,1.6009,1.60117,1.50,2.85
2012.12.03 19:59:53.471,1.60091,1.60118,2.63,2.25
2012.12.03 19:59:55.251,1.60092,1.60122,1.35,2.10
2012.12.03 19:59:58.299,1.60094,1.60123,1.73,2.12
2012.12.03 19:59:58.541,1.60097,1.60123,1.73,1.37
2012.12.03 19:59:58.600,1.60097,1.60123,2.48,1.37
2012.12.03 19:59:58.962,1.60101,1.60123,3.23,1.14
2012.12.03 19:59:59.323,1.60102,1.60126,1.73,1.14
2012.12.03 19:59:59.871,1.60102,1.60127,2.10,1.14
