2016.11.21 06:00:00.313,1.66238,1.66271,1.00,1.05
2016.11.21 06:00:01.020,1.66234,1.66271,1.50,1.80
2016.11.21 06:00:02.146,1.66234,1.66271,1.50,1.50
2016.11.21 06:00:02.688,1.66238,1.66271,1.00,1.00
2016.11.21 06:00:03.186,1.66233,1.66271,1.87,1.00
2016.11.21 06:00:03.321,1.66233,1.66271,1.87,1.05
2016.11.21 06:00:04.118,1.66233,1.66271,1.87,1.05
2016.11.21 06:00:05.030,1.66233,1.66271,1.87,1.00
2016.11.21 06:00:05.434,1.66239,1.66271,1.00,1.05
2016.11.21 06:00:05.781,1.66239,1.66269,1.00,1.65
2016.11.21 06:00:05.933,1.66233,1.66267,1.37,1.05
2016.11.21 06:00:06.134,1.66238,1.66267,1.00,1.05
2016.11.21 06:00:06.437,1.66238,1.6627,1.00,1.12
2016.11.21 06:00:06.487,1.66238,1.6627,1.00,1.42
2016.11.21 06:00:06.994,1.66238,1.66273,1.00,1.90
2016.11.21 06:00:07.629,1.66238,1.66273,1.00,1.90
2016.11.21 06:00:07.998,1.66238,1.66272,1.00,1.00
2016.11.21 06:00:08.502,1.66238,1.66274,1.00,2.25
2016.11.21 06:00:08.703,1.66238,1.66274,1.00,1.12
2016.11.21 06:00:08.804,1.66238,1.66277,1.37,1.80
2016.11.21 06:00:08.905,1.66238,1.66279,1.37,1.00
2016.11.21 06:00:09.107,1.66238,1.6628,1.42,1.87
2016.11.21 06:00:09.648,1.66238,1.6628,1.60,1.87
2016.11.21 06:00:09.849,1.66244,1.6628,1.00,1.87
2016.11.21 06:00:10.534,1.66243,1.6628,1.00,1.00
2016.11.21 06:00:10.923,1.6624,1.66283,1.97,1.00
2016.11.21 06:00:11.105,1.6624,1.66283,1.65,1.12
2016.11.21 06:00:11.346,1.6624,1.66283,1.97,1.00
2016.11.21 06:00:12.896,1.66244,1.66287,1.37,2.25
2016.11.21 06:00:15.514,1.66243,1.66287,1.67,2.25
2016.11.21 06:00:15.926,1.66248,1.66287,1.00,1.00
2016.11.21 06:00:15.977,1.66248,1.66292,1.00,2.25
2016.11.21 06:00:16.147,1.66248,1.66291,1.37,1.00
2016.11.21 06:00:16.399,1.66253,1.66295,1.05,1.50
2016.11.21 06:00:16.551,1.66253,1.66296,1.37,1.00
2016.11.21 06:00:16.861,1.66253,1.66292,1.00,1.90
2016.11.21 06:00:17.177,1.66248,1.66292,1.37,1.60
2016.11.21 06:00:17.227,1.66248,1.66292,1.37,1.60
2016.11.21 06:00:17.733,1.66248,1.6629,1.37,1.90
2016.11.21 06:00:18.035,1.66254,1.6629,1.00,1.30
2016.11.21 06:00:18.136,1.66258,1.66291,1.00,1.00
2016.11.21 06:00:18.338,1.66258,1.66295,1.00,1.87
2016.11.21 06:00:18.389,1.66258,1.66295,1.00,2.17
2016.11.21 06:00:18.721,1.66258,1.66295,1.00,1.60
2016.11.21 06:00:20.025,1.66258,1.66295,1.00,1.60
2016.11.21 06:00:20.777,1.66258,1.66295,1.00,1.60
2016.11.21 06:00:21.056,1.66253,1.66295,1.37,1.60
2016.11.21 06:00:22.328,1.66248,1.6629,1.87,1.90
2016.11.21 06:00:22.634,1.66249,1.6629,1.37,1.60
2016.11.21 06:00:22.835,1.66245,1.66286,1.12,1.60
2016.11.21 06:00:23.843,1.66245,1.66286,1.00,1.60
2016.11.21 06:00:23.944,1.66245,1.66284,1.00,1.42
2016.11.21 06:00:23.995,1.66249,1.66284,1.00,1.30
2016.11.21 06:00:24.045,1.66249,1.66285,1.00,1.00
2016.11.21 06:00:24.147,1.66249,1.66289,1.00,1.90
2016.11.21 06:00:24.449,1.66249,1.66287,1.00,1.60
2016.11.21 06:00:24.499,1.66245,1.66287,1.37,2.10
2016.11.21 06:00:26.375,1.66249,1.66287,1.00,1.60
2016.11.21 06:00:26.912,1.66248,1.66287,1.00,1.90
2016.11.21 06:00:32.272,1.66248,1.66287,1.12,1.90
2016.11.21 06:00:32.474,1.66248,1.66287,1.00,1.90
2016.11.21 06:00:34.357,1.66248,1.66288,1.00,1.90
2016.11.21 06:00:34.458,1.66248,1.66281,1.00,1.00
2016.11.21 06:00:34.559,1.66248,1.66283,1.00,1.00
2016.11.21 06:00:34.660,1.66248,1.66289,1.00,1.72
2016.11.21 06:00:34.761,1.66248,1.66289,1.00,1.60
2016.11.21 06:00:35.350,1.66248,1.66291,1.00,2.60
2016.11.21 06:00:35.777,1.66248,1.66289,1.00,1.31
2016.11.21 06:00:36.866,1.66249,1.66289,1.00,1.31
2016.11.21 06:00:37.399,1.66249,1.66288,1.00,1.51
2016.11.21 06:00:37.956,1.66248,1.66287,1.00,1.90
2016.11.21 06:00:38.102,1.66243,1.66285,1.00,1.58
2016.11.21 06:00:38.153,1.66243,1.66284,1.00,1.67
2016.11.21 06:00:38.203,1.66243,1.66284,1.00,1.60
2016.11.21 06:00:38.823,1.66244,1.66284,1.00,2.46
2016.11.21 06:00:39.146,1.66244,1.66282,1.00,1.30
2016.11.21 06:00:39.688,1.66244,1.66281,1.00,2.10
2016.11.21 06:00:39.982,1.66244,1.66277,1.00,1.30
2016.11.21 06:00:40.083,1.66244,1.66278,1.00,1.05
2016.11.21 06:00:40.134,1.66244,1.66278,1.00,1.30
2016.11.21 06:00:41.798,1.66239,1.6628,1.00,2.40
2016.11.21 06:00:41.932,1.66239,1.66279,1.00,2.11
2016.11.21 06:00:42.684,1.66238,1.66279,1.00,2.11
2016.11.21 06:00:46.378,1.66238,1.66276,1.00,1.60
2016.11.21 06:00:46.882,1.66239,1.66276,1.00,1.42
2016.11.21 06:00:47.385,1.66238,1.66276,1.00,1.87
2016.11.21 06:00:47.903,1.66238,1.66273,1.00,1.42
2016.11.21 06:00:48.212,1.66238,1.66273,1.00,1.60
2016.11.21 06:00:56.327,1.66233,1.66273,1.00,1.90
2016.11.21 06:00:56.428,1.66233,1.6627,1.00,2.40
2016.11.21 06:00:56.959,1.66233,1.6627,1.00,2.40
2016.11.21 06:00:57.010,1.66228,1.66263,1.00,1.30
2016.11.21 06:00:57.111,1.66228,1.66264,1.00,1.00
2016.11.21 06:00:57.313,1.66228,1.66267,1.00,1.60
2016.11.21 06:00:57.514,1.66229,1.66266,1.00,1.00
2016.11.21 06:00:57.810,1.66228,1.66266,1.30,1.37
2016.11.21 06:00:58.213,1.66228,1.66267,1.00,1.60
2016.11.21 06:00:58.314,1.66228,1.66265,1.00,1.37
2016.11.21 06:00:58.466,1.66228,1.66267,1.00,1.90
2016.11.21 06:00:58.718,1.66228,1.66267,1.00,1.50
2016.11.21 06:00:58.819,1.66226,1.66266,1.00,1.67
2016.11.21 06:00:59.222,1.66226,1.66266,1.00,1.25
2016.11.21 06:01:00.164,1.66226,1.66258,1.00,1.00
2016.11.21 06:01:00.265,1.66223,1.66259,1.00,1.37
2016.11.21 06:01:00.315,1.66218,1.66258,1.00,1.05
2016.11.21 06:01:00.366,1.66218,1.66258,1.00,1.27
2016.11.21 06:01:00.770,1.66218,1.66259,1.00,1.60
2016.11.21 06:01:00.922,1.66218,1.66254,1.00,1.50
2016.11.21 06:01:01.023,1.66218,1.66259,1.00,1.60
2016.11.21 06:01:02.380,1.66218,1.66259,1.00,1.90
2016.11.21 06:01:03.242,1.66218,1.66259,1.00,1.30
2016.11.21 06:01:03.343,1.66219,1.66262,1.37,1.42
2016.11.21 06:01:03.394,1.66224,1.66265,1.00,1.67
2016.11.21 06:01:03.444,1.66224,1.66262,1.00,1.12
2016.11.21 06:01:03.596,1.66221,1.66262,1.30,1.87
2016.11.21 06:01:04.145,1.66223,1.66262,1.00,1.37
2016.11.21 06:01:04.647,1.66223,1.66262,1.00,1.12
2016.11.21 06:01:05.423,1.66224,1.66262,1.00,1.12
2016.11.21 06:01:05.524,1.66228,1.66262,1.00,1.12
2016.11.21 06:01:05.829,1.66234,1.66262,1.00,1.37
2016.11.21 06:01:06.343,1.66234,1.66262,1.00,1.12
2016.11.21 06:01:06.696,1.66234,1.66265,1.00,1.00
2016.11.21 06:01:06.797,1.66228,1.66267,1.30,1.00
2016.11.21 06:01:06.898,1.66228,1.6627,1.60,1.87
2016.11.21 06:01:06.949,1.66233,1.6627,1.00,1.50
2016.11.21 06:01:07.497,1.66234,1.6627,1.35,1.87
2016.11.21 06:01:08.427,1.66234,1.6627,1.35,1.37
2016.11.21 06:01:08.935,1.66234,1.6627,1.05,1.37
2016.11.21 06:01:09.136,1.66228,1.6627,1.60,1.50
2016.11.21 06:01:09.678,1.66228,1.6627,1.65,1.87
2016.11.21 06:01:09.829,1.66229,1.6627,1.90,1.87
2016.11.21 06:01:10.362,1.66229,1.6627,1.65,1.37
2016.11.21 06:01:10.664,1.66229,1.66271,1.00,2.92
2016.11.21 06:01:11.168,1.66229,1.66268,1.35,1.37
2016.11.21 06:01:11.807,1.66229,1.66268,1.60,1.37
2016.11.21 06:01:12.161,1.66228,1.66268,1.00,1.90
2016.11.21 06:01:12.464,1.66228,1.66266,1.00,1.60
2016.11.21 06:01:12.816,1.66228,1.66265,1.00,1.67
2016.11.21 06:01:13.371,1.66228,1.66262,1.00,1.90
2016.11.21 06:01:13.875,1.66229,1.66259,1.00,1.90
2016.11.21 06:01:14.440,1.66229,1.6626,1.00,1.90
2016.11.21 06:01:15.016,1.66229,1.6626,1.00,1.90
2016.11.21 06:01:15.571,1.66229,1.6626,1.00,1.90
2016.11.21 06:01:16.116,1.66229,1.6626,1.00,1.90
2016.11.21 06:01:18.579,1.66229,1.66258,1.00,1.90
2016.11.21 06:01:20.346,1.66229,1.66258,1.00,1.65
2016.11.21 06:01:21.063,1.66228,1.66258,1.00,1.65
2016.11.21 06:01:21.821,1.66228,1.66258,1.00,1.65
2016.11.21 06:01:22.380,1.66228,1.66258,1.00,1.65
2016.11.21 06:01:25.190,1.66228,1.66259,1.00,1.90
2016.11.21 06:01:25.291,1.66228,1.66259,1.00,1.50
2016.11.21 06:01:25.392,1.66224,1.66259,1.00,1.00
2016.11.21 06:01:25.745,1.66228,1.66262,1.00,1.50
2016.11.21 06:01:26.092,1.66228,1.6626,1.00,1.00
2016.11.21 06:01:27.342,1.66228,1.66262,1.00,1.37
2016.11.21 06:01:27.457,1.66223,1.66257,1.60,1.00
2016.11.21 06:01:27.732,1.66229,1.66258,1.00,1.00
2016.11.21 06:01:28.469,1.66229,1.66259,1.00,1.00
2016.11.21 06:01:28.671,1.66229,1.66261,1.00,1.00
2016.11.21 06:01:28.844,1.66228,1.66258,1.00,1.00
2016.11.21 06:01:30.135,1.66228,1.66261,1.00,1.00
2016.11.21 06:01:30.237,1.66234,1.66263,1.00,1.00
2016.11.21 06:01:30.338,1.66234,1.66267,1.00,1.00
2016.11.21 06:01:30.439,1.66238,1.66267,1.00,1.00
2016.11.21 06:01:30.742,1.66234,1.66269,1.00,1.50
2016.11.21 06:01:30.843,1.66234,1.66272,1.60,1.00
2016.11.21 06:01:31.145,1.66234,1.66271,1.90,1.00
2016.11.21 06:01:33.880,1.66234,1.66271,1.95,1.00
2016.11.21 06:01:33.930,1.66238,1.66271,1.00,1.00
2016.11.21 06:01:34.637,1.66239,1.66272,1.00,1.60
2016.11.21 06:01:35.756,1.66239,1.66271,1.35,1.00
2016.11.21 06:01:36.217,1.66239,1.66273,1.00,1.60
2016.11.21 06:01:36.268,1.66234,1.66271,1.00,1.30
2016.11.21 06:01:36.319,1.66234,1.66271,1.00,1.00
2016.11.21 06:01:36.627,1.66233,1.6627,1.00,1.42
2016.11.21 06:01:36.933,1.66239,1.66268,1.00,1.00
2016.11.21 06:01:37.372,1.66233,1.66266,1.00,1.00
2016.11.21 06:01:37.624,1.66233,1.66266,1.00,1.60
2016.11.21 06:01:38.190,1.66233,1.66266,1.00,1.60
2016.11.21 06:01:38.887,1.66233,1.66266,1.00,1.65
2016.11.21 06:01:39.162,1.66228,1.66266,1.12,1.90
2016.11.21 06:01:39.697,1.66228,1.66267,1.12,1.90
2016.11.21 06:01:39.950,1.66234,1.66267,1.00,1.90
2016.11.21 06:01:40.460,1.66239,1.66271,1.00,1.90
2016.11.21 06:01:40.510,1.66239,1.66271,1.00,1.60
2016.11.21 06:01:40.561,1.66239,1.66272,1.00,1.90
2016.11.21 06:01:40.814,1.66239,1.66268,1.00,1.00
2016.11.21 06:01:41.042,1.66239,1.66272,1.00,1.60
2016.11.21 06:01:43.298,1.66239,1.66271,1.00,1.00
2016.11.21 06:01:43.823,1.66239,1.66272,1.00,1.00
2016.11.21 06:01:44.443,1.66238,1.66272,1.00,1.00
2016.11.21 06:01:44.988,1.66243,1.66273,1.00,1.00
2016.11.21 06:01:45.291,1.66243,1.66275,1.00,1.50
2016.11.21 06:01:45.880,1.66249,1.66276,1.00,1.12
2016.11.21 06:01:45.969,1.66249,1.66278,1.00,1.00
2016.11.21 06:01:46.161,1.66243,1.66278,1.00,1.00
2016.11.21 06:01:46.384,1.66243,1.66276,1.00,1.00
2016.11.21 06:01:46.585,1.66243,1.66278,1.00,1.00
2016.11.21 06:01:46.787,1.66248,1.66279,1.00,1.00
2016.11.21 06:01:47.089,1.66253,1.66284,1.00,1.50
2016.11.21 06:01:47.690,1.66254,1.66285,1.00,1.00
2016.11.21 06:01:48.195,1.66253,1.66285,1.00,1.42
2016.11.21 06:01:48.699,1.66253,1.66285,1.00,1.12
2016.11.21 06:01:49.213,1.66253,1.66286,1.00,1.37
2016.11.21 06:01:49.698,1.66253,1.66282,1.00,1.05
2016.11.21 06:01:55.056,1.66259,1.66282,1.00,1.35
2016.11.21 06:01:57.172,1.66253,1.66282,1.00,1.35
2016.11.21 06:01:57.375,1.66248,1.66283,1.00,1.60
2016.11.21 06:01:57.577,1.66248,1.66281,1.00,1.34
2016.11.21 06:01:57.678,1.66243,1.66281,1.37,1.64
2016.11.21 06:01:57.729,1.66243,1.66281,1.37,1.30
2016.11.21 06:01:58.032,1.66244,1.66274,1.00,1.60
2016.11.21 06:01:58.391,1.66243,1.66274,1.00,1.90
2016.11.21 06:01:58.699,1.66238,1.66274,1.00,1.90
2016.11.21 06:01:59.035,1.66238,1.66273,1.00,1.90
2016.11.21 06:01:59.085,1.66233,1.66273,1.37,1.90
2016.11.21 06:01:59.237,1.66233,1.66273,1.37,1.90
2016.11.21 06:01:59.434,1.66234,1.66271,1.37,1.90
2016.11.21 06:01:59.974,1.66234,1.66271,1.37,1.90
2016.11.21 06:02:00.514,1.66233,1.66272,1.37,1.80
2016.11.21 06:02:00.565,1.66233,1.66271,1.37,1.00
2016.11.21 06:02:00.867,1.66234,1.66272,1.37,1.60
2016.11.21 06:02:01.170,1.66233,1.66267,1.37,1.00
2016.11.21 06:02:01.674,1.66234,1.66268,1.37,1.00
2016.11.21 06:02:02.034,1.66233,1.66269,1.65,1.00
2016.11.21 06:02:02.572,1.66233,1.66269,1.00,1.00
2016.11.21 06:02:03.219,1.66238,1.66269,1.00,1.00
2016.11.21 06:02:03.878,1.66239,1.66269,1.00,1.00
2016.11.21 06:02:04.317,1.66233,1.66269,1.00,1.00
2016.11.21 06:02:04.418,1.66233,1.66266,1.00,1.00
2016.11.21 06:02:04.936,1.66233,1.66267,1.00,1.00
2016.11.21 06:02:04.986,1.66228,1.66267,1.60,1.00
2016.11.21 06:02:06.681,1.66228,1.66267,1.05,1.00
2016.11.21 06:02:06.731,1.66228,1.66265,1.30,1.00
2016.11.21 06:02:06.883,1.66225,1.66266,1.87,1.00
2016.11.21 06:02:06.933,1.66225,1.66266,1.87,1.30
2016.11.21 06:02:07.286,1.66228,1.66264,1.60,1.00
2016.11.21 06:02:07.487,1.66229,1.66266,1.30,1.50
2016.11.21 06:02:07.689,1.66229,1.66266,1.35,1.87
2016.11.21 06:02:08.125,1.66234,1.66264,1.00,1.12
2016.11.21 06:02:08.796,1.66234,1.66265,1.00,1.12
2016.11.21 06:02:09.339,1.66233,1.66267,1.00,1.37
2016.11.21 06:02:09.390,1.66233,1.66267,1.00,1.00
2016.11.21 06:02:10.217,1.66239,1.66267,1.00,1.00
2016.11.21 06:02:10.541,1.66234,1.66266,1.00,1.30
2016.11.21 06:02:10.592,1.66234,1.66266,1.00,1.97
2016.11.21 06:02:10.895,1.66233,1.66265,1.00,1.30
2016.11.21 06:02:11.431,1.66233,1.66263,1.00,1.60
2016.11.21 06:02:12.431,1.66228,1.66263,1.00,1.90
2016.11.21 06:02:13.121,1.66234,1.66263,1.00,1.90
2016.11.21 06:02:13.292,1.66233,1.66267,1.30,1.37
2016.11.21 06:02:13.342,1.66238,1.66272,1.00,1.37
2016.11.21 06:02:13.393,1.66238,1.66275,1.00,1.37
2016.11.21 06:02:13.645,1.66234,1.66271,1.30,1.00
2016.11.21 06:02:13.696,1.66234,1.66271,1.60,1.00
2016.11.21 06:02:13.797,1.66238,1.66273,1.30,1.42
2016.11.21 06:02:14.200,1.66238,1.66273,1.00,1.67
2016.11.21 06:02:14.707,1.66239,1.66273,1.00,1.37
2016.11.21 06:02:15.161,1.66239,1.66273,1.00,1.67
2016.11.21 06:02:15.464,1.66238,1.66267,1.00,1.00
2016.11.21 06:02:15.615,1.66238,1.66274,1.00,1.50
2016.11.21 06:02:15.968,1.66238,1.66273,1.60,1.00
2016.11.21 06:02:16.273,1.66243,1.66274,1.00,1.00
2016.11.21 06:02:16.956,1.66244,1.66274,1.00,1.00
2016.11.21 06:02:17.934,1.66244,1.66276,1.00,1.00
2016.11.21 06:02:17.985,1.66239,1.66276,1.00,1.00
2016.11.21 06:02:18.086,1.66243,1.66276,1.00,1.00
2016.11.21 06:02:18.389,1.66243,1.66275,1.00,1.30
2016.11.21 06:02:18.691,1.66248,1.6628,1.00,1.00
2016.11.21 06:02:18.927,1.66253,1.66283,1.00,1.00
2016.11.21 06:02:19.458,1.66258,1.66283,1.00,1.00
2016.11.21 06:02:19.609,1.66258,1.66287,1.00,1.12
2016.11.21 06:02:20.473,1.66259,1.66287,1.00,1.00
2016.11.21 06:02:20.675,1.66253,1.66287,1.30,1.00
2016.11.21 06:02:20.799,1.66263,1.66287,1.00,1.12
2016.11.21 06:02:20.902,1.66263,1.66292,1.00,1.00
2016.11.21 06:02:21.003,1.66264,1.66295,1.00,1.00
2016.11.21 06:02:21.054,1.66268,1.663,1.00,1.00
2016.11.21 06:02:21.154,1.66263,1.663,1.30,1.00
2016.11.21 06:02:21.205,1.66263,1.66304,1.00,2.62
2016.11.21 06:02:21.306,1.66263,1.66304,1.35,1.87
2016.11.21 06:02:21.557,1.66264,1.66304,1.60,1.12
2016.11.21 06:02:21.860,1.66268,1.66304,1.00,1.50
2016.11.21 06:02:24.230,1.66269,1.66304,1.00,1.00
2016.11.21 06:02:24.760,1.66263,1.66304,1.60,1.00
2016.11.21 06:02:25.676,1.66263,1.66304,1.65,1.00
2016.11.21 06:02:25.727,1.66263,1.66304,1.67,1.00
2016.11.21 06:02:25.929,1.66264,1.66307,1.87,1.60
2016.11.21 06:02:26.030,1.66264,1.66307,1.12,1.60
2016.11.21 06:02:26.256,1.66269,1.66307,1.00,1.65
2016.11.21 06:02:26.408,1.66269,1.66306,1.00,1.00
2016.11.21 06:02:26.812,1.66269,1.66307,1.65,1.87
2016.11.21 06:02:26.862,1.66269,1.66307,1.60,1.00
2016.11.21 06:02:27.371,1.66263,1.66307,1.90,1.87
2016.11.21 06:02:28.144,1.66263,1.66307,1.90,1.50
2016.11.21 06:02:30.800,1.66264,1.66307,1.30,2.92
2016.11.21 06:02:30.888,1.66264,1.66307,1.12,3.15
2016.11.21 06:02:30.989,1.66268,1.66306,1.00,1.30
2016.11.21 06:02:31.191,1.66268,1.66305,1.30,1.00
2016.11.21 06:02:31.242,1.66268,1.66308,1.37,1.00
2016.11.21 06:02:31.343,1.66268,1.6631,1.05,1.50
2016.11.21 06:02:31.393,1.66268,1.6631,1.35,1.50
2016.11.21 06:02:31.444,1.66268,1.6631,1.30,1.12
2016.11.21 06:02:31.495,1.66274,1.6631,1.00,1.12
2016.11.21 06:02:32.044,1.66268,1.6631,1.65,1.00
2016.11.21 06:02:32.346,1.66268,1.66309,1.00,1.90
2016.11.21 06:02:33.332,1.66268,1.66308,1.00,1.90
2016.11.21 06:02:33.755,1.66268,1.66307,1.05,1.00
2016.11.21 06:02:34.007,1.66268,1.66307,1.35,1.00
2016.11.21 06:02:34.315,1.66268,1.66307,1.00,1.60
2016.11.21 06:02:34.517,1.66268,1.66307,1.05,1.00
2016.11.21 06:02:34.819,1.66268,1.66308,1.65,1.00
2016.11.21 06:02:35.332,1.66269,1.66309,1.60,1.12
2016.11.21 06:02:35.647,1.66269,1.66307,1.60,1.00
2016.11.21 06:02:35.950,1.66269,1.66308,1.00,1.90
2016.11.21 06:02:36.322,1.66269,1.66308,1.00,1.60
2016.11.21 06:02:37.721,1.66269,1.66308,1.00,1.60
2016.11.21 06:02:41.456,1.66269,1.66308,1.00,1.90
2016.11.21 06:02:41.759,1.66268,1.66306,1.00,2.40
2016.11.21 06:02:42.077,1.66268,1.66306,1.00,2.10
2016.11.21 06:02:42.585,1.66268,1.66306,1.00,2.40
2016.11.21 06:02:43.020,1.66268,1.66306,1.00,2.92
2016.11.21 06:02:43.171,1.66268,1.66306,1.00,1.50
2016.11.21 06:02:43.722,1.66269,1.66306,1.35,1.50
2016.11.21 06:02:45.288,1.66268,1.66306,1.30,2.10
2016.11.21 06:02:45.580,1.66268,1.66306,1.00,1.50
2016.11.21 06:02:46.697,1.66268,1.66306,1.05,2.10
2016.11.21 06:02:46.999,1.66268,1.66306,1.00,2.40
2016.11.21 06:02:47.397,1.66269,1.66306,1.30,1.30
2016.11.21 06:02:47.495,1.66273,1.66306,1.05,1.00
2016.11.21 06:02:47.546,1.66273,1.66309,1.30,1.00
2016.11.21 06:02:48.028,1.66268,1.66309,1.30,1.30
2016.11.21 06:02:48.342,1.66268,1.66302,1.00,1.60
2016.11.21 06:02:48.645,1.66269,1.66302,1.00,1.60
2016.11.21 06:02:49.108,1.66269,1.66302,1.00,1.90
2016.11.21 06:02:49.587,1.66269,1.66301,1.00,1.60
2016.11.21 06:02:50.107,1.66269,1.66302,1.00,1.90
2016.11.21 06:02:50.781,1.66269,1.66302,1.00,1.90
2016.11.21 06:02:51.390,1.66268,1.66302,1.00,1.90
2016.11.21 06:02:52.251,1.66268,1.66304,1.00,1.90
2016.11.21 06:02:53.171,1.66268,1.66306,1.00,2.40
2016.11.21 06:02:53.687,1.66268,1.66306,1.00,2.40
2016.11.21 06:02:53.788,1.66268,1.66301,1.00,1.00
2016.11.21 06:02:53.890,1.66268,1.66303,1.00,1.05
2016.11.21 06:02:55.570,1.66268,1.66306,1.00,2.40
2016.11.21 06:02:56.236,1.66268,1.66306,1.00,2.40
2016.11.21 06:02:56.337,1.66263,1.66302,1.42,1.65
2016.11.21 06:02:56.640,1.66263,1.66299,1.00,1.60
2016.11.21 06:02:56.909,1.66258,1.66298,1.00,1.73
2016.11.21 06:02:56.960,1.66258,1.66294,1.00,2.10
2016.11.21 06:02:57.262,1.66259,1.66283,1.00,1.05
2016.11.21 06:02:57.313,1.66253,1.66292,1.12,1.60
2016.11.21 06:02:57.414,1.66253,1.66288,1.12,1.90
2016.11.21 06:02:57.496,1.66249,1.66285,1.12,1.30
2016.11.21 06:02:57.597,1.66249,1.66284,1.00,1.42
2016.11.21 06:02:57.698,1.66248,1.66282,1.00,1.00
2016.11.21 06:02:58.002,1.66248,1.66283,1.00,1.60
2016.11.21 06:02:58.124,1.66248,1.66283,1.00,1.30
2016.11.21 06:02:58.175,1.66248,1.66283,1.00,1.80
2016.11.21 06:02:58.383,1.66249,1.66283,1.00,1.00
2016.11.21 06:02:58.434,1.66249,1.66283,1.00,1.30
2016.11.21 06:02:58.969,1.66248,1.66281,1.00,1.12
2016.11.21 06:02:59.120,1.66243,1.66282,1.00,1.80
2016.11.21 06:02:59.271,1.66243,1.66279,1.00,1.50
2016.11.21 06:02:59.473,1.66243,1.66277,1.00,1.00
2016.11.21 06:02:59.876,1.66244,1.6628,1.00,1.00
2016.11.21 06:03:00.128,1.66243,1.66277,1.00,1.00
2016.11.21 06:03:00.380,1.66233,1.66268,1.00,1.00
2016.11.21 06:03:00.586,1.66233,1.66267,1.37,1.30
2016.11.21 06:03:00.889,1.66233,1.66265,1.37,1.60
2016.11.21 06:03:01.113,1.66233,1.66265,1.12,1.90
2016.11.21 06:03:01.188,1.66233,1.66265,1.37,1.65
2016.11.21 06:03:01.366,1.66233,1.66265,1.12,1.90
2016.11.21 06:03:02.395,1.66233,1.66265,1.12,1.65
2016.11.21 06:03:02.796,1.66234,1.66265,1.12,1.00
2016.11.21 06:03:03.330,1.66234,1.66265,1.12,1.35
2016.11.21 06:03:04.106,1.66234,1.66265,1.12,1.65
2016.11.21 06:03:04.723,1.66234,1.66265,1.12,1.60
2016.11.21 06:03:05.078,1.66234,1.66265,1.37,1.00
2016.11.21 06:03:05.129,1.66234,1.66269,1.37,1.00
2016.11.21 06:03:05.639,1.66234,1.66269,1.37,1.00
2016.11.21 06:03:05.740,1.66234,1.66269,1.37,1.30
2016.11.21 06:03:06.075,1.66229,1.66268,1.37,1.60
2016.11.21 06:03:06.278,1.66228,1.66266,1.37,1.00
2016.11.21 06:03:06.379,1.66228,1.66266,1.67,1.00
2016.11.21 06:03:06.631,1.66229,1.66266,1.27,1.00
2016.11.21 06:03:06.833,1.66228,1.66269,2.10,1.12
2016.11.21 06:03:06.984,1.66229,1.66269,1.37,1.50
2016.11.21 06:03:07.186,1.66239,1.66273,1.00,1.00
2016.11.21 06:03:07.488,1.66238,1.66271,1.00,1.00
2016.11.21 06:03:07.842,1.66229,1.66267,1.37,1.30
2016.11.21 06:03:07.894,1.66228,1.66263,1.37,1.37
2016.11.21 06:03:08.148,1.66223,1.6626,1.37,1.12
2016.11.21 06:03:08.198,1.66223,1.66259,1.37,1.30
2016.11.21 06:03:08.249,1.66224,1.66259,1.12,1.00
2016.11.21 06:03:08.299,1.66224,1.6626,1.00,1.97
2016.11.21 06:03:08.602,1.66223,1.6626,1.00,1.30
2016.11.21 06:03:08.653,1.66223,1.6626,1.00,1.00
2016.11.21 06:03:08.703,1.66223,1.6626,1.37,1.35
2016.11.21 06:03:08.804,1.66223,1.66264,1.37,2.40
2016.11.21 06:03:09.084,1.66223,1.66264,1.00,2.40
2016.11.21 06:03:09.447,1.66228,1.66264,1.00,2.40
2016.11.21 06:03:09.968,1.66228,1.66263,1.00,1.37
2016.11.21 06:03:10.119,1.66223,1.66263,1.67,1.37
2016.11.21 06:03:10.782,1.66223,1.66263,1.60,1.37
2016.11.21 06:03:11.314,1.66225,1.66263,1.30,1.37
2016.11.21 06:03:11.451,1.66229,1.66263,1.00,1.67
2016.11.21 06:03:11.990,1.66228,1.66263,1.00,1.37
2016.11.21 06:03:13.211,1.66228,1.66264,1.67,1.00
2016.11.21 06:03:13.261,1.66238,1.66265,1.00,1.00
2016.11.21 06:03:13.312,1.66238,1.66269,1.00,1.00
2016.11.21 06:03:13.463,1.66248,1.66272,1.00,1.00
2016.11.21 06:03:13.716,1.66258,1.66284,1.00,1.00
2016.11.21 06:03:13.817,1.66253,1.66287,1.00,1.00
2016.11.21 06:03:14.472,1.66253,1.66289,1.00,1.50
2016.11.21 06:03:15.673,1.66249,1.66289,1.30,1.50
2016.11.21 06:03:15.723,1.66249,1.66287,1.12,1.60
2016.11.21 06:03:15.875,1.66243,1.66279,1.87,1.00
2016.11.21 06:03:15.925,1.66243,1.66279,1.00,1.35
2016.11.21 06:03:16.228,1.66244,1.66275,1.00,1.60
2016.11.21 06:03:16.329,1.66238,1.66275,1.00,1.60
2016.11.21 06:03:16.430,1.66243,1.66276,1.00,2.10
2016.11.21 06:03:16.632,1.66238,1.66276,1.00,1.50
2016.11.21 06:03:16.884,1.66239,1.66274,1.05,1.00
2016.11.21 06:03:17.220,1.66239,1.66275,1.30,1.12
2016.11.21 06:03:17.536,1.66243,1.66275,1.00,1.35
2016.11.21 06:03:17.843,1.66239,1.66275,1.00,1.60
2016.11.21 06:03:18.221,1.66239,1.66276,1.00,2.40
2016.11.21 06:03:18.778,1.66239,1.66275,1.00,1.90
2016.11.21 06:03:19.109,1.66243,1.66274,1.00,1.30
2016.11.21 06:03:19.217,1.66243,1.66275,1.00,1.27
2016.11.21 06:03:19.267,1.66243,1.66274,1.00,1.30
2016.11.21 06:03:19.318,1.66243,1.66276,1.00,1.90
2016.11.21 06:03:19.419,1.66243,1.66274,1.00,1.30
2016.11.21 06:03:19.658,1.66238,1.66274,1.00,1.30
2016.11.21 06:03:21.812,1.66238,1.66276,1.00,2.02
2016.11.21 06:03:22.057,1.66239,1.66276,1.00,1.97
2016.11.21 06:03:22.107,1.66239,1.66276,1.00,1.67
2016.11.21 06:03:22.158,1.66239,1.66276,1.00,1.90
2016.11.21 06:03:22.514,1.66239,1.66276,1.00,1.90
2016.11.21 06:03:23.030,1.66239,1.66276,1.00,1.30
2016.11.21 06:03:23.157,1.66239,1.66276,1.00,1.87
2016.11.21 06:03:23.258,1.66238,1.66275,1.00,1.00
2016.11.21 06:03:23.610,1.66238,1.66276,1.35,1.00
2016.11.21 06:03:24.030,1.66238,1.66276,1.60,1.37
2016.11.21 06:03:25.323,1.66238,1.66276,1.00,1.67
2016.11.21 06:03:25.675,1.66249,1.66274,1.00,1.30
2016.11.21 06:03:25.927,1.66249,1.66276,1.00,1.12
2016.11.21 06:03:26.180,1.66248,1.66276,1.00,1.30
2016.11.21 06:03:26.781,1.66249,1.66276,1.00,1.60
2016.11.21 06:03:27.272,1.66249,1.66274,1.00,1.60
2016.11.21 06:03:27.322,1.66249,1.66276,1.00,2.02
2016.11.21 06:03:27.373,1.66249,1.66276,1.00,1.65
2016.11.21 06:03:27.474,1.66243,1.66272,1.00,1.30
2016.11.21 06:03:27.525,1.66243,1.6627,1.00,1.00
2016.11.21 06:03:27.660,1.66239,1.66274,1.00,1.67
2016.11.21 06:03:27.761,1.66239,1.66266,1.00,1.00
2016.11.21 06:03:27.811,1.66239,1.66274,1.00,1.30
2016.11.21 06:03:27.862,1.66239,1.66266,1.00,1.00
2016.11.21 06:03:27.963,1.66239,1.66268,1.00,1.00
2016.11.21 06:03:28.064,1.66239,1.66274,1.00,1.60
2016.11.21 06:03:28.596,1.66239,1.66272,1.00,1.30
2016.11.21 06:03:28.747,1.66239,1.66269,1.00,1.37
2016.11.21 06:03:28.849,1.66233,1.66269,1.00,1.67
2016.11.21 06:03:28.899,1.66233,1.66269,1.00,1.97
2016.11.21 06:03:29.462,1.66234,1.66266,1.00,1.97
2016.11.21 06:03:30.128,1.66234,1.66266,1.00,1.67
2016.11.21 06:03:30.434,1.66234,1.66265,1.00,1.30
2016.11.21 06:03:30.642,1.66234,1.66263,1.00,1.37
2016.11.21 06:03:30.793,1.66229,1.66263,1.00,1.37
2016.11.21 06:03:30.894,1.66229,1.66263,1.00,1.67
2016.11.21 06:03:31.337,1.66229,1.66263,1.00,1.37
2016.11.21 06:03:31.640,1.66234,1.66264,1.00,1.37
2016.11.21 06:03:32.080,1.66228,1.66262,1.00,1.37
2016.11.21 06:03:32.181,1.66228,1.66262,1.37,1.37
2016.11.21 06:03:32.483,1.66234,1.66266,1.00,2.17
2016.11.21 06:03:33.023,1.66234,1.66266,1.00,2.17
2016.11.21 06:03:33.672,1.66228,1.66266,1.00,2.17
2016.11.21 06:03:33.851,1.66233,1.66266,1.00,2.17
2016.11.21 06:03:34.674,1.66228,1.66266,1.00,2.17
2016.11.21 06:03:34.775,1.66228,1.66263,1.00,1.67
2016.11.21 06:03:35.128,1.66229,1.6626,1.00,2.29
2016.11.21 06:03:35.279,1.66224,1.66257,1.00,1.60
2016.11.21 06:03:35.800,1.66223,1.66253,1.00,1.37
2016.11.21 06:03:35.898,1.66223,1.66257,1.00,1.87
2016.11.21 06:03:36.000,1.66219,1.66253,1.00,1.67
2016.11.21 06:03:36.303,1.66223,1.66254,1.00,1.87
2016.11.21 06:03:36.404,1.66223,1.66252,1.00,1.12
2016.11.21 06:03:36.850,1.66228,1.66255,1.00,1.37
2016.11.21 06:03:37.261,1.66224,1.66255,1.00,1.37
2016.11.21 06:03:37.463,1.66224,1.66253,1.00,1.72
2016.11.21 06:03:37.765,1.66224,1.66252,1.00,1.60
2016.11.21 06:03:39.088,1.66228,1.66247,1.00,1.00
2016.11.21 06:03:39.189,1.66224,1.66251,1.00,1.00
2016.11.21 06:03:39.391,1.66224,1.66254,1.00,1.12
2016.11.21 06:03:39.542,1.66224,1.66252,1.00,1.00
2016.11.21 06:03:39.869,1.66229,1.66252,1.00,1.00
2016.11.21 06:03:40.271,1.66224,1.66252,1.00,1.00
2016.11.21 06:03:40.372,1.66228,1.66251,1.00,1.00
2016.11.21 06:03:40.473,1.66223,1.66253,1.00,1.00
2016.11.21 06:03:40.524,1.66223,1.6626,1.00,1.37
2016.11.21 06:03:40.574,1.66228,1.6626,1.00,1.00
2016.11.21 06:03:40.898,1.66238,1.66266,1.00,1.00
2016.11.21 06:03:40.999,1.66243,1.66277,1.00,1.37
2016.11.21 06:03:41.100,1.66243,1.6628,1.05,1.00
2016.11.21 06:03:41.234,1.66243,1.6628,1.00,1.30
2016.11.21 06:03:42.235,1.66243,1.6628,1.00,1.90
2016.11.21 06:03:42.550,1.66244,1.66283,1.60,1.30
2016.11.21 06:03:42.647,1.66249,1.66284,1.30,1.12
2016.11.21 06:03:42.783,1.66254,1.66286,1.00,1.00
2016.11.21 06:03:42.834,1.66254,1.66289,1.00,1.00
2016.11.21 06:03:42.885,1.66248,1.66289,1.60,1.50
2016.11.21 06:03:43.338,1.66248,1.66288,2.10,1.00
2016.11.21 06:03:43.590,1.66248,1.66289,1.00,2.10
2016.11.21 06:03:43.691,1.66248,1.66289,1.00,2.10
2016.11.21 06:03:43.741,1.66248,1.66289,1.00,1.80
2016.11.21 06:03:43.792,1.66248,1.66286,1.00,1.30
2016.11.21 06:03:43.893,1.66249,1.66286,1.00,1.30
2016.11.21 06:03:43.994,1.66249,1.66289,1.00,2.10
2016.11.21 06:03:44.297,1.66248,1.66286,1.00,1.60
2016.11.21 06:03:44.827,1.66248,1.66286,1.00,1.90
2016.11.21 06:03:45.372,1.66248,1.66282,1.00,1.60
2016.11.21 06:03:45.473,1.66244,1.66284,1.00,1.65
2016.11.21 06:03:47.587,1.66244,1.66284,1.00,1.65
2016.11.21 06:03:48.101,1.66244,1.66284,1.50,1.65
2016.11.21 06:03:48.318,1.66248,1.66285,1.00,1.00
2016.11.21 06:03:49.078,1.66248,1.66285,1.00,1.37
2016.11.21 06:03:49.678,1.66248,1.66285,1.00,1.12
2016.11.21 06:03:50.223,1.66248,1.66286,1.00,1.00
2016.11.21 06:03:50.783,1.66248,1.66287,1.00,1.12
2016.11.21 06:03:51.446,1.66248,1.66285,1.00,1.00
2016.11.21 06:03:52.487,1.66248,1.66285,1.00,1.35
2016.11.21 06:03:53.061,1.66248,1.66285,1.00,1.90
2016.11.21 06:03:53.800,1.66248,1.66285,1.00,1.90
2016.11.21 06:03:56.526,1.66249,1.66285,1.00,1.90
2016.11.21 06:03:57.098,1.66248,1.66285,1.00,1.90
2016.11.21 06:03:57.647,1.66248,1.66285,1.00,1.90
2016.11.21 06:04:01.648,1.66248,1.66285,1.00,1.90
2016.11.21 06:04:02.322,1.66248,1.66285,1.00,1.90
2016.11.21 06:04:02.849,1.66248,1.66285,1.00,1.90
2016.11.21 06:04:03.284,1.66248,1.66285,1.60,1.30
2016.11.21 06:04:03.436,1.66258,1.66293,1.00,1.00
2016.11.21 06:04:03.637,1.66258,1.66297,1.35,1.12
2016.11.21 06:04:04.141,1.66258,1.66297,1.60,1.00
2016.11.21 06:04:04.643,1.66259,1.66297,1.65,1.00
2016.11.21 06:04:05.149,1.66259,1.66297,1.60,1.00
2016.11.21 06:04:05.451,1.66259,1.66297,1.00,1.30
2016.11.21 06:04:05.652,1.66259,1.66297,1.00,1.50
2016.11.21 06:04:05.804,1.66259,1.66297,1.00,1.30
2016.11.21 06:04:06.146,1.66259,1.66295,1.00,1.90
2016.11.21 06:04:06.449,1.66258,1.66295,1.00,1.30
2016.11.21 06:04:06.600,1.66258,1.66294,1.00,1.00
2016.11.21 06:04:06.651,1.66258,1.66295,1.00,1.30
2016.11.21 06:04:06.953,1.66263,1.66292,1.00,1.30
2016.11.21 06:04:07.306,1.66263,1.66298,1.00,1.48
2016.11.21 06:04:07.811,1.66263,1.66297,1.00,2.06
2016.11.21 06:04:07.911,1.66258,1.66297,1.00,1.53
2016.11.21 06:04:08.163,1.66258,1.66299,1.00,2.40
2016.11.21 06:04:12.048,1.66258,1.66293,1.00,1.65
2016.11.21 06:04:12.552,1.66258,1.66293,1.00,1.60
2016.11.21 06:04:13.245,1.66258,1.66293,1.00,1.90
2016.11.21 06:04:14.054,1.66258,1.66293,1.00,1.05
2016.11.21 06:04:14.311,1.66263,1.66293,1.00,1.05
2016.11.21 06:04:14.524,1.66259,1.66293,1.00,1.05
2016.11.21 06:04:14.710,1.66264,1.66293,1.00,1.00
2016.11.21 06:04:15.113,1.66264,1.66296,1.00,1.00
2016.11.21 06:04:15.214,1.66258,1.66296,1.00,1.00
2016.11.21 06:04:15.530,1.66263,1.66296,1.00,1.05
2016.11.21 06:04:16.424,1.66264,1.66296,1.00,1.00
2016.11.21 06:04:19.751,1.66264,1.66296,1.30,1.00
2016.11.21 06:04:20.256,1.66263,1.66301,1.97,1.00
2016.11.21 06:04:20.357,1.66268,1.66304,1.00,1.00
2016.11.21 06:04:20.509,1.66269,1.66307,1.00,1.50
2016.11.21 06:04:20.560,1.66269,1.66307,1.00,2.10
2016.11.21 06:04:20.923,1.66269,1.66307,1.00,1.90
2016.11.21 06:04:21.458,1.66269,1.66307,1.00,1.90
2016.11.21 06:04:21.660,1.66269,1.66306,1.00,1.35
2016.11.21 06:04:21.861,1.66269,1.66307,1.00,1.60
2016.11.21 06:04:22.164,1.66269,1.66307,1.00,1.90
2016.11.21 06:04:22.466,1.66269,1.66307,1.00,2.10
2016.11.21 06:04:23.398,1.66269,1.66307,1.00,2.10
2016.11.21 06:04:24.069,1.66269,1.66307,1.00,2.10
2016.11.21 06:04:24.735,1.66268,1.66307,1.00,2.20
2016.11.21 06:04:24.937,1.66264,1.66298,1.00,1.30
2016.11.21 06:04:25.098,1.66264,1.66299,1.00,1.50
2016.11.21 06:04:25.154,1.66263,1.66298,1.00,1.30
2016.11.21 06:04:25.456,1.66263,1.66296,1.00,1.35
2016.11.21 06:04:25.507,1.66263,1.66295,1.00,1.00
2016.11.21 06:04:30.735,1.66264,1.66296,1.00,1.35
2016.11.21 06:04:33.224,1.66264,1.66296,1.00,1.35
2016.11.21 06:04:33.869,1.66269,1.66296,1.00,1.05
2016.11.21 06:04:34.020,1.66269,1.66298,1.00,1.00
2016.11.21 06:04:34.172,1.66274,1.66298,1.00,1.00
2016.11.21 06:04:34.223,1.66274,1.66306,1.00,1.12
2016.11.21 06:04:34.626,1.66273,1.66305,1.00,1.30
2016.11.21 06:04:34.677,1.66268,1.66305,1.37,1.30
2016.11.21 06:04:34.778,1.66274,1.66305,1.00,1.60
2016.11.21 06:04:34.979,1.66268,1.66302,1.00,1.30
2016.11.21 06:04:35.030,1.66268,1.66302,1.00,1.05
2016.11.21 06:04:35.081,1.66273,1.66302,1.00,1.05
2016.11.21 06:04:35.131,1.66273,1.66307,1.00,1.30
2016.11.21 06:04:35.516,1.66273,1.66307,1.60,1.00
2016.11.21 06:04:35.637,1.66273,1.66309,1.60,1.00
2016.11.21 06:04:35.738,1.66273,1.66309,1.60,1.00
2016.11.21 06:04:35.790,1.66273,1.66309,1.30,1.00
2016.11.21 06:04:35.903,1.66273,1.66307,1.12,1.00
2016.11.21 06:04:36.004,1.66273,1.66305,1.00,1.00
2016.11.21 06:04:36.055,1.66268,1.66304,1.37,1.00
2016.11.21 06:04:36.106,1.66268,1.66305,1.00,1.50
2016.11.21 06:04:36.235,1.66264,1.66303,1.00,1.05
2016.11.21 06:04:36.336,1.66263,1.66301,1.12,1.00
2016.11.21 06:04:36.638,1.66263,1.66301,1.37,1.60
2016.11.21 06:04:36.941,1.66263,1.66301,1.37,1.90
2016.11.21 06:04:37.440,1.66263,1.66301,1.37,1.90
2016.11.21 06:04:37.787,1.66268,1.66298,1.00,1.60
2016.11.21 06:04:37.939,1.66268,1.66298,1.00,1.60
2016.11.21 06:04:38.040,1.66268,1.663,1.00,1.30
2016.11.21 06:04:38.141,1.66263,1.66301,1.37,1.30
2016.11.21 06:04:38.191,1.66264,1.66296,1.37,1.30
2016.11.21 06:04:38.318,1.66259,1.66295,1.00,1.12
2016.11.21 06:04:38.419,1.66258,1.66296,1.00,2.85
2016.11.21 06:04:38.721,1.66259,1.66287,1.00,1.00
2016.11.21 06:04:38.772,1.66253,1.66287,1.42,1.00
2016.11.21 06:04:38.861,1.66249,1.66283,1.37,1.60
2016.11.21 06:04:38.911,1.66249,1.66281,1.00,1.30
2016.11.21 06:04:39.063,1.66253,1.66281,1.00,1.60
2016.11.21 06:04:39.497,1.66253,1.66283,1.00,1.60
2016.11.21 06:04:39.699,1.66253,1.66285,1.00,2.40
2016.11.21 06:04:39.800,1.66248,1.66281,1.00,1.00
2016.11.21 06:04:39.901,1.66248,1.66283,1.00,1.50
2016.11.21 06:04:39.952,1.66248,1.66283,1.00,1.30
2016.11.21 06:04:40.311,1.66248,1.66284,1.00,1.60
2016.11.21 06:04:42.055,1.66249,1.66284,1.00,1.90
2016.11.21 06:04:42.922,1.66249,1.66282,1.00,1.90
2016.11.21 06:04:43.510,1.66249,1.66282,1.00,1.90
2016.11.21 06:04:44.107,1.66249,1.66282,1.00,1.90
2016.11.21 06:04:44.816,1.66249,1.6628,1.00,1.00
2016.11.21 06:04:45.018,1.66249,1.66284,1.00,1.90
2016.11.21 06:04:45.787,1.66249,1.66283,1.00,1.60
2016.11.21 06:04:46.263,1.66248,1.66284,1.00,1.90
2016.11.21 06:04:46.465,1.66244,1.66276,1.00,1.00
2016.11.21 06:04:46.515,1.66244,1.66276,1.00,1.60
2016.11.21 06:04:46.767,1.66238,1.66272,1.00,1.30
2016.11.21 06:04:47.244,1.66238,1.66272,1.00,1.90
2016.11.21 06:04:47.446,1.66239,1.6627,1.00,1.00
2016.11.21 06:04:47.648,1.66239,1.66271,1.00,1.60
2016.11.21 06:04:48.180,1.66239,1.66271,1.00,1.60
2016.11.21 06:04:48.517,1.66239,1.66271,1.00,1.90
2016.11.21 06:04:49.194,1.66239,1.66271,1.00,1.90
2016.11.21 06:04:49.408,1.66233,1.66271,1.12,1.90
2016.11.21 06:04:49.559,1.66234,1.6627,1.37,1.00
2016.11.21 06:04:49.862,1.66248,1.6628,1.00,1.30
2016.11.21 06:04:49.913,1.66248,1.6628,1.00,1.00
2016.11.21 06:04:49.963,1.66248,1.6628,1.00,1.60
2016.11.21 06:04:50.670,1.66248,1.6628,1.00,1.60
2016.11.21 06:04:52.068,1.66248,1.66281,1.00,1.60
2016.11.21 06:04:52.642,1.66248,1.66282,1.00,1.05
2016.11.21 06:04:52.949,1.66248,1.66282,1.00,1.90
2016.11.21 06:04:53.877,1.66248,1.66282,1.00,1.90
2016.11.21 06:04:54.770,1.66248,1.66277,1.00,1.30
2016.11.21 06:04:55.173,1.66248,1.66278,1.00,1.00
2016.11.21 06:04:55.274,1.66248,1.66282,1.00,1.30
2016.11.21 06:04:55.325,1.66248,1.66282,1.00,1.72
2016.11.21 06:04:58.060,1.66248,1.66282,1.00,2.08
2016.11.21 06:04:58.110,1.66244,1.66281,1.00,3.30
2016.11.21 06:04:58.362,1.66243,1.66274,1.00,1.00
2016.11.21 06:04:58.564,1.66243,1.66279,1.00,1.30
2016.11.21 06:04:58.665,1.66243,1.66279,1.00,1.30
2016.11.21 06:04:58.950,1.66243,1.6628,1.00,1.30
2016.11.21 06:04:59.001,1.66243,1.6628,1.00,1.00
2016.11.21 06:04:59.052,1.66243,1.66279,1.00,1.60
2016.11.21 06:04:59.454,1.66243,1.66281,1.00,1.50
2016.11.21 06:05:04.471,1.66243,1.66281,1.00,1.30
2016.11.21 06:05:04.978,1.66244,1.6628,1.00,1.30
2016.11.21 06:05:05.079,1.66244,1.66279,1.00,1.50
2016.11.21 06:05:05.280,1.66244,1.66281,1.00,1.00
2016.11.21 06:05:05.633,1.66243,1.66281,1.00,1.30
2016.11.21 06:05:05.936,1.66249,1.66279,1.00,1.60
2016.11.21 06:05:05.986,1.66241,1.66279,1.00,1.60
2016.11.21 06:05:06.037,1.66238,1.66276,1.50,1.00
2016.11.21 06:05:06.088,1.66244,1.66276,1.00,1.00
2016.11.21 06:05:06.517,1.66238,1.66275,1.00,1.12
2016.11.21 06:05:07.218,1.66238,1.66273,1.00,1.00
2016.11.21 06:05:07.269,1.66238,1.66275,1.00,2.25
2016.11.21 06:05:07.789,1.66239,1.66275,1.00,1.12
2016.11.21 06:05:07.839,1.66239,1.66271,1.00,1.00
2016.11.21 06:05:07.890,1.66233,1.66271,1.87,1.60
2016.11.21 06:05:07.991,1.6623,1.66269,1.00,1.30
2016.11.21 06:05:08.078,1.6623,1.66269,1.00,1.60
2016.11.21 06:05:08.130,1.66228,1.66264,1.00,1.00
2016.11.21 06:05:08.282,1.66228,1.66266,1.87,1.60
2016.11.21 06:05:08.383,1.66228,1.66266,1.87,1.90
2016.11.21 06:05:08.485,1.66228,1.66266,1.87,1.60
2016.11.21 06:05:08.586,1.66228,1.66267,1.87,1.60
2016.11.21 06:05:08.937,1.66226,1.66264,1.37,1.90
2016.11.21 06:05:09.544,1.66226,1.66263,1.00,1.90
2016.11.21 06:05:09.746,1.66223,1.66262,1.37,1.90
2016.11.21 06:05:10.323,1.66223,1.66261,1.00,1.90
2016.11.21 06:05:11.326,1.66223,1.66261,1.00,1.90
2016.11.21 06:05:11.578,1.66223,1.66259,1.00,1.50
2016.11.21 06:05:11.679,1.66223,1.66261,1.00,2.25
2016.11.21 06:05:12.212,1.6622,1.66261,1.97,1.37
2016.11.21 06:05:12.263,1.66222,1.66261,1.42,1.00
2016.11.21 06:05:12.313,1.66222,1.66259,1.37,1.30
2016.11.21 06:05:12.691,1.66222,1.66262,1.37,1.90
2016.11.21 06:05:12.893,1.66221,1.66262,1.87,1.60
2016.11.21 06:05:18.908,1.66221,1.66262,1.87,1.90
2016.11.21 06:05:19.538,1.66221,1.66262,1.87,1.90
2016.11.21 06:05:19.903,1.66224,1.66262,1.37,1.90
2016.11.21 06:05:20.004,1.66224,1.66262,1.37,1.90
2016.11.21 06:05:23.289,1.66224,1.66262,1.37,1.90
2016.11.21 06:05:23.798,1.66224,1.66261,1.00,1.90
2016.11.21 06:05:24.599,1.66224,1.66261,1.00,1.90
2016.11.21 06:05:29.317,1.66224,1.66262,1.00,1.65
2016.11.21 06:05:29.418,1.66228,1.66264,1.00,1.90
2016.11.21 06:05:29.722,1.66228,1.66262,1.00,1.90
2016.11.21 06:05:30.784,1.66228,1.66262,1.00,1.90
2016.11.21 06:05:31.261,1.66229,1.66261,1.00,1.00
2016.11.21 06:05:31.362,1.66228,1.66263,1.00,1.00
2016.11.21 06:05:31.413,1.66228,1.66265,1.37,1.00
2016.11.21 06:05:31.877,1.66228,1.66266,1.00,1.30
2016.11.21 06:05:32.180,1.66228,1.66266,1.37,1.90
2016.11.21 06:05:33.014,1.66228,1.66266,1.37,1.90
2016.11.21 06:05:33.667,1.66228,1.66266,1.37,1.60
2016.11.21 06:05:33.718,1.66228,1.66265,1.37,1.50
2016.11.21 06:05:34.617,1.66228,1.66266,1.37,1.00
2016.11.21 06:05:34.818,1.66228,1.66266,1.12,1.00
2016.11.21 06:05:35.126,1.66233,1.66267,1.00,1.00
2016.11.21 06:05:35.277,1.66233,1.6627,1.00,1.05
2016.11.21 06:05:35.428,1.66235,1.6627,1.30,1.00
2016.11.21 06:05:35.479,1.66233,1.66274,1.67,1.00
2016.11.21 06:05:35.529,1.66238,1.66274,1.00,1.12
2016.11.21 06:05:35.832,1.66234,1.66273,1.00,1.00
2016.11.21 06:05:35.933,1.66234,1.66273,1.00,1.60
2016.11.21 06:05:36.236,1.66234,1.66274,1.00,1.67
2016.11.21 06:05:36.337,1.66232,1.6627,1.00,1.00
2016.11.21 06:05:36.869,1.66231,1.66271,1.00,1.72
2016.11.21 06:05:36.970,1.66231,1.6627,1.00,1.37
2016.11.21 06:05:37.276,1.66234,1.6627,1.00,1.00
2016.11.21 06:05:37.924,1.66233,1.66271,1.00,1.35
2016.11.21 06:05:39.173,1.66233,1.66272,1.00,1.30
2016.11.21 06:05:39.477,1.66238,1.66274,1.00,1.00
2016.11.21 06:05:39.629,1.66238,1.66276,1.35,1.00
2016.11.21 06:05:40.146,1.66238,1.66276,1.35,1.00
2016.11.21 06:05:41.985,1.66238,1.66276,1.90,1.00
2016.11.21 06:05:42.136,1.66248,1.66284,1.00,1.37
2016.11.21 06:05:42.271,1.66248,1.66286,1.05,1.00
2016.11.21 06:05:42.372,1.66248,1.66286,1.60,1.00
2016.11.21 06:05:42.675,1.66249,1.66287,1.60,1.00
2016.11.21 06:05:42.835,1.66249,1.6629,1.60,1.37
2016.11.21 06:05:43.683,1.66249,1.66289,1.60,1.00
2016.11.21 06:05:44.348,1.66249,1.66289,1.60,1.37
2016.11.21 06:05:44.872,1.66249,1.66289,1.65,1.00
2016.11.21 06:05:45.236,1.66249,1.66287,2.40,1.00
2016.11.21 06:05:45.454,1.66249,1.66289,2.40,1.00
2016.11.21 06:05:45.756,1.66249,1.66287,2.10,1.12
2016.11.21 06:05:45.965,1.66249,1.66286,2.10,1.00
2016.11.21 06:05:46.066,1.66249,1.66286,2.10,1.00
2016.11.21 06:05:46.396,1.66249,1.66286,1.35,1.37
2016.11.21 06:05:46.446,1.66249,1.66283,1.35,1.00
2016.11.21 06:05:46.742,1.66249,1.66285,1.35,1.12
2016.11.21 06:05:47.263,1.66248,1.66286,1.35,1.00
2016.11.21 06:05:47.314,1.66248,1.66286,1.35,1.37
2016.11.21 06:05:47.976,1.66248,1.66283,1.00,1.00
2016.11.21 06:05:48.790,1.66248,1.66283,1.00,1.37
2016.11.21 06:05:49.320,1.66248,1.66282,1.00,1.97
2016.11.21 06:05:49.370,1.66245,1.66282,1.00,1.97
2016.11.21 06:05:50.346,1.66245,1.66282,1.00,1.90
2016.11.21 06:05:50.447,1.66239,1.6628,1.67,1.65
2016.11.21 06:05:50.649,1.66238,1.66276,1.00,1.90
2016.11.21 06:05:50.977,1.66235,1.66275,1.00,2.06
2016.11.21 06:05:51.179,1.66235,1.66268,1.00,1.00
2016.11.21 06:05:51.230,1.66231,1.66269,1.37,1.00
2016.11.21 06:05:51.280,1.66231,1.66275,1.37,2.10
2016.11.21 06:05:51.684,1.66232,1.66269,1.37,1.00
2016.11.21 06:05:51.785,1.66232,1.66271,1.00,1.37
2016.11.21 06:05:52.038,1.66231,1.66275,1.37,2.10
2016.11.21 06:05:52.340,1.66231,1.66272,1.12,1.60
2016.11.21 06:05:52.795,1.66231,1.66266,1.37,1.00
2016.11.21 06:05:52.882,1.66231,1.66272,1.00,1.90
2016.11.21 06:05:53.184,1.66231,1.66272,1.00,1.87
2016.11.21 06:05:53.395,1.66227,1.66269,1.37,1.60
2016.11.21 06:05:53.507,1.66227,1.66264,1.00,1.60
2016.11.21 06:05:53.557,1.66223,1.66264,1.37,1.30
2016.11.21 06:05:53.608,1.66223,1.66264,1.00,1.60
2016.11.21 06:05:54.112,1.66223,1.66261,1.00,1.67
2016.11.21 06:05:54.213,1.66219,1.6626,1.12,1.67
2016.11.21 06:05:54.364,1.66219,1.6626,2.10,1.37
2016.11.21 06:05:54.415,1.66219,1.6626,1.80,1.37
2016.11.21 06:05:54.466,1.66219,1.6626,1.80,1.37
2016.11.21 06:05:54.617,1.66223,1.66261,1.35,1.12
2016.11.21 06:05:54.718,1.66223,1.66262,1.60,1.37
2016.11.21 06:05:54.970,1.66219,1.66262,1.65,1.50
2016.11.21 06:05:55.681,1.66219,1.66261,1.60,1.37
2016.11.21 06:05:56.191,1.66219,1.66261,1.60,1.37
2016.11.21 06:05:57.088,1.66219,1.66261,1.60,1.37
2016.11.21 06:05:57.269,1.66219,1.66261,1.60,1.37
2016.11.21 06:05:57.684,1.66219,1.66261,1.60,1.37
2016.11.21 06:06:00.077,1.66219,1.66262,1.65,1.50
2016.11.21 06:06:00.371,1.66219,1.66262,1.90,1.50
2016.11.21 06:06:00.421,1.66219,1.66262,1.90,1.12
2016.11.21 06:06:01.005,1.66219,1.66264,1.90,1.50
2016.11.21 06:06:01.106,1.66223,1.66264,1.60,1.00
2016.11.21 06:06:01.427,1.66224,1.66265,1.30,1.50
2016.11.21 06:06:02.234,1.66219,1.66265,1.90,1.50
2016.11.21 06:06:02.604,1.6622,1.66265,1.27,1.75
2016.11.21 06:06:02.929,1.66219,1.66262,1.90,1.75
2016.11.21 06:06:07.575,1.66219,1.66262,1.90,1.75
2016.11.21 06:06:08.254,1.66223,1.66262,1.60,1.75
2016.11.21 06:06:08.305,1.66223,1.66262,1.60,1.12
2016.11.21 06:06:08.355,1.66223,1.66262,3.15,1.00
2016.11.21 06:06:08.752,1.66226,1.66269,1.60,1.37
2016.11.21 06:06:09.096,1.66226,1.66269,1.90,1.50
2016.11.21 06:06:09.147,1.66226,1.66269,1.30,1.50
2016.11.21 06:06:09.249,1.66226,1.6627,2.10,1.50
2016.11.21 06:06:09.602,1.66229,1.66272,2.40,1.12
2016.11.21 06:06:09.703,1.66229,1.66275,3.15,2.25
2016.11.21 06:06:09.804,1.6623,1.66275,1.60,1.87
2016.11.21 06:06:09.905,1.66231,1.66274,1.60,1.37
2016.11.21 06:06:10.207,1.66231,1.66274,1.60,1.37
2016.11.21 06:06:11.206,1.66238,1.66274,1.00,1.37
2016.11.21 06:06:11.257,1.66238,1.66274,1.00,1.00
2016.11.21 06:06:11.920,1.66238,1.66276,1.00,1.37
2016.11.21 06:06:11.971,1.66238,1.66276,1.00,1.37
2016.11.21 06:06:12.242,1.66235,1.66276,1.00,1.72
2016.11.21 06:06:12.293,1.66235,1.66275,1.00,1.72
2016.11.21 06:06:12.646,1.66234,1.66273,1.00,1.12
2016.11.21 06:06:13.315,1.66234,1.66276,1.00,1.67
2016.11.21 06:06:13.605,1.66233,1.66276,1.12,1.67
2016.11.21 06:06:13.706,1.66231,1.66274,1.00,1.97
2016.11.21 06:06:13.807,1.66234,1.66272,1.00,1.60
2016.11.21 06:06:14.109,1.66234,1.66271,1.00,1.60
2016.11.21 06:06:14.660,1.66234,1.66271,1.00,1.90
2016.11.21 06:06:14.922,1.66234,1.66271,1.00,1.87
2016.11.21 06:06:15.060,1.66229,1.66271,2.10,1.37
2016.11.21 06:06:16.672,1.66233,1.66271,1.00,1.42
2016.11.21 06:06:16.723,1.66233,1.66271,1.00,1.05
2016.11.21 06:06:17.666,1.66233,1.66274,1.00,1.90
2016.11.21 06:06:17.968,1.66233,1.66274,1.12,1.90
2016.11.21 06:06:18.561,1.66233,1.66271,1.00,2.06
2016.11.21 06:06:18.908,1.66223,1.66257,1.00,1.00
2016.11.21 06:06:19.311,1.66223,1.66258,1.00,1.60
2016.11.21 06:06:20.222,1.66223,1.66258,1.00,1.97
2016.11.21 06:06:20.424,1.66219,1.66255,1.00,1.65
2016.11.21 06:06:21.078,1.66219,1.66255,1.00,1.37
2016.11.21 06:06:21.182,1.66218,1.66255,1.00,1.35
2016.11.21 06:06:21.727,1.66218,1.66257,1.00,1.65
2016.11.21 06:06:22.911,1.66223,1.66258,1.00,1.90
2016.11.21 06:06:25.128,1.66223,1.66258,1.00,1.90
2016.11.21 06:06:25.726,1.66223,1.66257,1.00,1.60
2016.11.21 06:06:25.827,1.66218,1.66257,1.00,2.10
2016.11.21 06:06:26.020,1.66223,1.66257,1.00,1.60
2016.11.21 06:06:26.121,1.66219,1.66256,1.12,1.60
2016.11.21 06:06:28.348,1.66219,1.66256,1.00,1.60
2016.11.21 06:06:29.110,1.66218,1.66257,1.00,2.40
2016.11.21 06:06:30.617,1.66218,1.66255,1.00,1.65
2016.11.21 06:06:30.768,1.66213,1.66252,1.50,2.17
2016.11.21 06:06:30.819,1.66213,1.66252,1.50,2.10
2016.11.21 06:06:30.898,1.66213,1.66252,1.50,2.40
2016.11.21 06:06:31.201,1.66213,1.66252,1.00,1.90
2016.11.21 06:06:34.059,1.6621,1.66251,1.37,1.90
2016.11.21 06:06:34.110,1.6621,1.66251,1.37,1.90
2016.11.21 06:06:34.261,1.6621,1.66245,1.12,1.00
2016.11.21 06:06:36.021,1.6621,1.66251,1.37,1.60
2016.11.21 06:06:37.064,1.6621,1.66251,1.12,1.60
2016.11.21 06:06:38.180,1.6621,1.66251,1.37,1.60
2016.11.21 06:06:42.871,1.66214,1.66251,1.00,2.40
2016.11.21 06:06:43.099,1.66203,1.6624,1.00,1.30
2016.11.21 06:06:43.150,1.66209,1.6624,1.00,1.00
2016.11.21 06:06:43.453,1.66209,1.6624,1.00,1.30
2016.11.21 06:06:43.809,1.66209,1.6624,1.00,1.60
2016.11.21 06:06:43.910,1.66209,1.6624,1.00,1.60
2016.11.21 06:06:44.062,1.66208,1.6624,1.00,1.90
2016.11.21 06:06:44.213,1.66208,1.6624,1.00,1.50
2016.11.21 06:06:44.415,1.66208,1.66241,1.00,1.00
2016.11.21 06:06:44.466,1.66214,1.66241,1.00,1.00
2016.11.21 06:06:44.668,1.66209,1.66241,1.00,1.30
2016.11.21 06:06:44.970,1.66213,1.66241,1.00,1.60
2016.11.21 06:06:45.172,1.66208,1.66237,1.00,1.05
2016.11.21 06:06:45.273,1.66213,1.66245,1.00,1.37
2016.11.21 06:06:45.324,1.66213,1.66245,1.00,1.00
2016.11.21 06:06:45.872,1.66213,1.66246,1.00,1.00
2016.11.21 06:06:46.176,1.66213,1.66246,1.00,1.37
2016.11.21 06:06:46.377,1.66213,1.66246,1.00,1.50
2016.11.21 06:06:46.579,1.66208,1.66245,1.60,1.00
2016.11.21 06:06:46.831,1.66213,1.66246,1.00,1.12
2016.11.21 06:06:47.033,1.66213,1.66248,1.05,1.00
2016.11.21 06:06:47.273,1.66213,1.66248,1.35,1.00
2016.11.21 06:06:47.836,1.66218,1.66252,1.00,1.42
2016.11.21 06:06:47.937,1.66218,1.66253,1.00,1.00
2016.11.21 06:06:48.441,1.66218,1.66253,1.00,1.35
2016.11.21 06:06:48.543,1.66218,1.66253,1.00,1.60
2016.11.21 06:06:48.644,1.66213,1.66253,1.87,2.10
2016.11.21 06:06:48.984,1.66218,1.66253,1.00,2.40
2016.11.21 06:06:49.199,1.66219,1.66253,1.12,1.00
2016.11.21 06:06:49.316,1.66219,1.66256,1.37,1.00
2016.11.21 06:06:49.367,1.66224,1.66256,1.00,1.00
2016.11.21 06:06:49.518,1.66224,1.66259,1.00,1.60
2016.11.21 06:06:49.619,1.66224,1.6626,1.00,1.50
2016.11.21 06:06:49.871,1.66224,1.66263,1.37,1.00
2016.11.21 06:06:49.922,1.66224,1.66263,1.37,1.00
2016.11.21 06:06:50.325,1.66228,1.66266,1.65,1.12
2016.11.21 06:06:50.426,1.66228,1.66265,1.05,1.00
2016.11.21 06:06:50.830,1.66228,1.66264,1.37,1.00
2016.11.21 06:06:50.994,1.66228,1.66263,1.05,1.12
2016.11.21 06:06:51.196,1.66228,1.66264,1.67,1.12
2016.11.21 06:06:51.298,1.66228,1.66263,1.30,1.00
2016.11.21 06:06:51.399,1.66228,1.66263,1.12,1.00
2016.11.21 06:06:51.600,1.66228,1.66267,1.42,1.00
2016.11.21 06:06:51.809,1.66233,1.66269,1.05,1.00
2016.11.21 06:06:51.861,1.66233,1.6627,1.30,1.50
2016.11.21 06:06:52.063,1.66235,1.66272,1.30,1.87
2016.11.21 06:06:52.164,1.66238,1.66272,1.00,1.50
2016.11.21 06:06:52.795,1.66238,1.66273,1.00,1.00
2016.11.21 06:06:53.540,1.66244,1.66273,1.00,1.00
2016.11.21 06:06:54.342,1.66239,1.66273,1.00,1.00
2016.11.21 06:06:57.174,1.66238,1.66273,1.00,1.00
2016.11.21 06:06:57.275,1.66231,1.66271,1.67,1.00
2016.11.21 06:06:57.326,1.66231,1.66271,1.67,2.10
2016.11.21 06:06:57.427,1.66229,1.66268,1.50,1.35
2016.11.21 06:06:57.555,1.66228,1.66262,1.00,1.00
2016.11.21 06:06:57.756,1.66223,1.66261,1.42,1.00
2016.11.21 06:06:58.210,1.66223,1.66261,1.12,1.60
2016.11.21 06:06:58.560,1.66223,1.66261,1.37,1.90
2016.11.21 06:07:01.216,1.66223,1.66261,1.37,1.65
2016.11.21 06:07:01.619,1.66223,1.66261,1.37,1.60
2016.11.21 06:07:02.020,1.66223,1.66261,1.37,1.00
2016.11.21 06:07:03.019,1.66223,1.66261,1.42,1.00
2016.11.21 06:07:04.022,1.66223,1.66262,2.17,1.50
2016.11.21 06:07:05.271,1.66228,1.66262,1.00,1.50
2016.11.21 06:07:06.673,1.66224,1.66262,1.87,1.00
2016.11.21 06:07:07.004,1.66223,1.66262,1.67,1.50
2016.11.21 06:07:07.630,1.66228,1.66261,1.00,1.00
2016.11.21 06:07:08.870,1.66223,1.66263,1.37,1.35
2016.11.21 06:07:08.930,1.66223,1.66263,1.37,1.35
2016.11.21 06:07:09.231,1.66223,1.66263,1.37,1.35
2016.11.21 06:07:09.511,1.66223,1.66261,1.37,1.00
2016.11.21 06:07:09.843,1.66224,1.66261,1.37,1.00
2016.11.21 06:07:09.944,1.66223,1.66263,1.87,1.05
2016.11.21 06:07:10.521,1.66223,1.66264,1.87,1.60
2016.11.21 06:07:11.236,1.66223,1.66264,2.47,1.00
2016.11.21 06:07:11.539,1.66223,1.66264,1.87,1.60
2016.11.21 06:07:13.285,1.66223,1.66264,1.87,1.00
2016.11.21 06:07:13.386,1.66224,1.66262,1.37,1.05
2016.11.21 06:07:13.588,1.66223,1.66261,1.37,1.00
2016.11.21 06:07:13.890,1.66221,1.66259,1.37,1.05
2016.11.21 06:07:14.194,1.66223,1.66253,1.00,1.60
2016.11.21 06:07:14.283,1.66218,1.66249,1.00,1.00
2016.11.21 06:07:14.536,1.66218,1.66247,1.00,1.12
2016.11.21 06:07:14.618,1.66213,1.66246,1.00,1.67
2016.11.21 06:07:14.718,1.66213,1.66243,1.00,1.30
2016.11.21 06:07:15.021,1.66213,1.66241,1.00,1.30
2016.11.21 06:07:15.072,1.66213,1.6624,1.00,1.00
2016.11.21 06:07:15.324,1.66213,1.6624,1.00,1.37
2016.11.21 06:07:15.375,1.66208,1.6624,1.00,1.37
2016.11.21 06:07:15.526,1.66208,1.66237,1.00,1.30
2016.11.21 06:07:15.678,1.66204,1.66239,1.00,2.17
2016.11.21 06:07:15.779,1.66204,1.66238,1.00,1.87
2016.11.21 06:07:15.829,1.66204,1.66238,1.00,2.10
2016.11.21 06:07:16.158,1.66208,1.66236,1.00,1.90
2016.11.21 06:07:16.507,1.66208,1.66236,1.00,1.60
2016.11.21 06:07:19.263,1.66208,1.66236,1.00,2.10
2016.11.21 06:07:19.521,1.66203,1.66235,1.00,1.90
2016.11.21 06:07:20.034,1.66203,1.66235,1.00,1.90
2016.11.21 06:07:20.185,1.66203,1.66235,1.00,1.90
2016.11.21 06:07:22.370,1.66203,1.66235,1.00,1.90
2016.11.21 06:07:23.006,1.66204,1.66235,1.00,1.90
2016.11.21 06:07:24.043,1.66203,1.66235,1.00,1.90
2016.11.21 06:07:26.483,1.66208,1.66235,1.00,1.90
2016.11.21 06:07:27.015,1.66208,1.66235,1.00,1.90
2016.11.21 06:07:27.320,1.66203,1.66235,1.00,1.90
2016.11.21 06:07:27.949,1.66203,1.66235,1.00,1.90
2016.11.21 06:07:28.304,1.66198,1.66236,1.37,1.00
2016.11.21 06:07:28.405,1.66198,1.66238,1.05,1.00
2016.11.21 06:07:28.606,1.66203,1.6624,1.00,2.47
2016.11.21 06:07:28.908,1.66203,1.66238,1.00,1.30
2016.11.21 06:07:29.009,1.66198,1.6624,1.00,1.90
2016.11.21 06:07:29.110,1.66198,1.6624,1.00,2.40
2016.11.21 06:07:29.432,1.66203,1.6624,1.00,2.40
2016.11.21 06:07:29.583,1.66203,1.66235,1.00,1.30
2016.11.21 06:07:29.735,1.66203,1.6624,1.00,2.40
2016.11.21 06:07:29.937,1.66198,1.66236,1.00,1.60
2016.11.21 06:07:30.138,1.66203,1.66235,1.00,1.65
2016.11.21 06:07:30.313,1.66198,1.66231,1.00,1.00
2016.11.21 06:07:31.213,1.66204,1.66231,1.00,1.00
2016.11.21 06:07:33.710,1.66204,1.6623,1.00,1.00
2016.11.21 06:07:34.058,1.66204,1.66229,1.00,1.35
2016.11.21 06:07:34.109,1.66199,1.66229,1.00,1.35
2016.11.21 06:07:35.099,1.66199,1.66229,1.00,1.00
2016.11.21 06:07:35.901,1.66203,1.66229,1.00,1.05
2016.11.21 06:07:36.801,1.66203,1.66229,1.00,1.60
2016.11.21 06:07:37.497,1.66203,1.66228,1.00,1.35
2016.11.21 06:07:38.504,1.66203,1.66229,1.00,1.42
2016.11.21 06:07:39.928,1.66203,1.66229,1.00,1.37
2016.11.21 06:07:40.617,1.66203,1.66233,1.00,1.87
2016.11.21 06:07:41.120,1.66203,1.66233,1.00,2.47
2016.11.21 06:07:42.399,1.66203,1.66233,1.00,2.10
2016.11.21 06:07:42.526,1.66198,1.66229,1.00,1.12
2016.11.21 06:07:45.157,1.66204,1.66233,1.00,1.87
2016.11.21 06:07:47.648,1.66198,1.66233,1.00,1.87
2016.11.21 06:07:48.945,1.66198,1.66233,1.00,2.17
2016.11.21 06:07:49.880,1.66198,1.66233,1.00,1.87
2016.11.21 06:07:50.535,1.66198,1.6623,1.00,1.37
2016.11.21 06:07:51.077,1.66198,1.6623,1.00,1.87
2016.11.21 06:07:55.457,1.66198,1.6623,1.00,1.37
2016.11.21 06:07:57.475,1.66198,1.66233,1.00,1.37
2016.11.21 06:07:57.576,1.66198,1.66233,1.00,1.42
2016.11.21 06:07:57.728,1.66203,1.66233,1.00,1.37
2016.11.21 06:07:58.182,1.66203,1.66233,1.00,1.87
2016.11.21 06:07:58.334,1.66198,1.6623,1.00,1.37
2016.11.21 06:08:09.896,1.66198,1.66232,1.00,1.35
2016.11.21 06:08:10.198,1.66193,1.6622,1.00,1.60
2016.11.21 06:08:10.504,1.66193,1.66218,1.00,1.57
2016.11.21 06:08:10.932,1.66188,1.66218,1.00,1.57
2016.11.21 06:08:11.049,1.66194,1.66218,1.00,1.57
2016.11.21 06:08:11.243,1.66188,1.66217,1.00,1.57
2016.11.21 06:08:11.543,1.66193,1.66218,1.00,1.57
2016.11.21 06:08:11.695,1.66193,1.66218,1.00,1.90
2016.11.21 06:08:11.796,1.66193,1.66218,1.00,1.57
2016.11.21 06:08:12.599,1.66193,1.66216,1.00,1.37
2016.11.21 06:08:16.113,1.66193,1.66218,1.00,1.57
2016.11.21 06:08:16.567,1.66188,1.66217,1.00,1.72
2016.11.21 06:08:17.400,1.66188,1.66217,1.00,1.72
2016.11.21 06:08:17.870,1.66193,1.66217,1.00,1.72
2016.11.21 06:08:19.283,1.66193,1.66217,1.00,1.57
2016.11.21 06:08:19.883,1.66193,1.66218,1.00,2.32
2016.11.21 06:08:20.296,1.66198,1.66218,1.00,1.00
2016.11.21 06:08:20.347,1.66198,1.66223,1.00,1.37
2016.11.21 06:08:20.398,1.66198,1.66227,1.00,1.37
2016.11.21 06:08:20.871,1.66203,1.66231,1.00,1.87
2016.11.21 06:08:21.023,1.66203,1.6623,1.00,1.37
2016.11.21 06:08:23.305,1.66203,1.66228,1.00,1.42
2016.11.21 06:08:23.406,1.66198,1.66227,1.00,1.67
2016.11.21 06:08:24.386,1.66199,1.66227,1.00,1.37
2016.11.21 06:08:24.537,1.66199,1.6623,1.00,1.05
2016.11.21 06:08:24.587,1.66203,1.66228,1.00,1.50
2016.11.21 06:08:24.688,1.66198,1.66224,1.00,1.35
2016.11.21 06:08:24.739,1.66198,1.66221,1.00,1.00
2016.11.21 06:08:25.041,1.66198,1.6622,1.00,1.37
2016.11.21 06:08:25.279,1.66194,1.6622,1.00,1.37
2016.11.21 06:08:25.842,1.66194,1.6622,1.00,1.37
2016.11.21 06:08:26.697,1.66194,1.6622,1.00,1.37
2016.11.21 06:08:27.221,1.66194,1.66219,1.00,1.37
2016.11.21 06:08:27.322,1.66194,1.6622,1.00,1.12
2016.11.21 06:08:28.541,1.66194,1.6622,1.00,1.37
2016.11.21 06:08:28.843,1.66198,1.6622,1.00,1.37
2016.11.21 06:08:28.894,1.66193,1.66218,1.00,1.12
2016.11.21 06:08:29.045,1.66193,1.66218,1.00,1.37
2016.11.21 06:08:30.271,1.66194,1.6622,1.00,1.37
2016.11.21 06:08:30.441,1.66194,1.6622,1.00,1.37
2016.11.21 06:08:30.491,1.66198,1.6622,1.00,1.37
2016.11.21 06:08:30.744,1.66198,1.66224,1.00,1.37
2016.11.21 06:08:32.209,1.66198,1.66224,1.00,1.37
2016.11.21 06:08:33.111,1.66198,1.66227,1.00,1.87
2016.11.21 06:08:33.211,1.66198,1.66227,1.00,1.87
2016.11.21 06:08:34.394,1.66199,1.66227,1.00,1.87
2016.11.21 06:08:36.370,1.66198,1.66225,1.00,1.12
2016.11.21 06:08:41.098,1.66199,1.66224,1.00,1.37
2016.11.21 06:08:41.418,1.66193,1.66215,1.00,1.87
2016.11.21 06:08:41.798,1.66189,1.66215,1.00,1.87
2016.11.21 06:08:43.503,1.66188,1.66215,1.00,1.37
2016.11.21 06:08:43.604,1.66183,1.66214,1.55,1.37
2016.11.21 06:08:43.805,1.66188,1.66215,1.00,1.37
2016.11.21 06:08:44.319,1.66188,1.66215,1.00,1.12
2016.11.21 06:08:44.843,1.66188,1.66215,1.00,1.37
2016.11.21 06:08:45.219,1.66183,1.66215,1.55,1.87
2016.11.21 06:08:45.371,1.66183,1.66213,1.17,1.37
2016.11.21 06:08:45.674,1.66183,1.66214,1.22,1.00
2016.11.21 06:08:45.777,1.66183,1.66214,1.22,1.37
2016.11.21 06:08:50.479,1.66179,1.66211,1.17,1.50
2016.11.21 06:08:50.786,1.66173,1.66205,1.47,1.00
2016.11.21 06:08:50.837,1.66173,1.66207,1.17,1.50
2016.11.21 06:08:50.907,1.66173,1.66206,1.30,1.12
2016.11.21 06:08:50.958,1.66173,1.66205,1.37,1.37
2016.11.21 06:08:51.475,1.66173,1.66204,1.00,1.67
2016.11.21 06:08:52.051,1.66173,1.66202,1.00,1.37
2016.11.21 06:08:55.799,1.66173,1.66203,1.00,1.67
2016.11.21 06:08:56.001,1.66169,1.66203,1.12,2.10
2016.11.21 06:08:56.203,1.66173,1.66203,1.00,2.10
2016.11.21 06:08:56.405,1.66173,1.66203,1.00,1.37
2016.11.21 06:08:58.190,1.66173,1.66203,1.00,1.37
2016.11.21 06:09:00.524,1.66174,1.66205,1.30,1.37
2016.11.21 06:09:00.574,1.66174,1.6621,1.97,1.37
2016.11.21 06:09:00.675,1.66179,1.6621,1.12,1.37
2016.11.21 06:09:00.726,1.66184,1.66213,1.00,1.75
2016.11.21 06:09:00.777,1.66184,1.66213,1.00,1.75
2016.11.21 06:09:01.180,1.66184,1.66213,1.12,1.00
2016.11.21 06:09:02.895,1.66183,1.66215,1.37,1.12
2016.11.21 06:09:03.516,1.66183,1.66215,1.00,1.12
2016.11.21 06:09:03.616,1.66183,1.66213,1.00,1.00
2016.11.21 06:09:04.151,1.66184,1.66212,1.00,1.00
2016.11.21 06:09:05.251,1.66178,1.66214,1.42,1.37
2016.11.21 06:09:05.302,1.66178,1.66211,1.37,1.00
2016.11.21 06:09:05.605,1.66173,1.66201,1.00,1.50
2016.11.21 06:09:06.523,1.66168,1.66201,1.37,1.12
2016.11.21 06:09:06.624,1.66168,1.66201,1.37,1.37
2016.11.21 06:09:07.260,1.66168,1.66198,1.37,1.00
2016.11.21 06:09:08.331,1.66169,1.662,1.12,1.37
2016.11.21 06:09:08.849,1.66168,1.66201,1.37,1.87
2016.11.21 06:09:09.302,1.66169,1.66201,1.42,1.12
2016.11.21 06:09:09.948,1.66169,1.66201,1.97,1.37
2016.11.21 06:09:10.705,1.66169,1.66201,1.42,1.12
2016.11.21 06:09:11.122,1.66169,1.66205,1.67,1.37
2016.11.21 06:09:12.089,1.66173,1.66205,1.00,1.37
2016.11.21 06:09:12.691,1.66173,1.66206,1.00,1.87
2016.11.21 06:09:12.792,1.66173,1.66206,1.00,1.37
2016.11.21 06:09:16.239,1.66168,1.66207,1.37,2.17
2016.11.21 06:09:16.905,1.66168,1.66205,1.37,1.57
2016.11.21 06:09:19.829,1.66173,1.66206,1.00,1.72
2016.11.21 06:09:20.346,1.66169,1.66206,1.37,2.47
2016.11.21 06:09:22.516,1.66169,1.66205,1.12,1.37
2016.11.21 06:09:22.961,1.66169,1.66205,1.00,2.32
2016.11.21 06:09:23.062,1.66169,1.66205,1.37,2.02
2016.11.21 06:09:23.530,1.66169,1.66205,1.37,2.02
2016.11.21 06:09:24.056,1.66168,1.66205,1.37,1.60
2016.11.21 06:09:24.535,1.66168,1.66205,1.37,2.02
2016.11.21 06:09:25.186,1.66168,1.66205,1.37,1.72
2016.11.21 06:09:25.337,1.66168,1.66205,1.37,1.90
2016.11.21 06:09:26.081,1.66168,1.66205,1.37,1.60
2016.11.21 06:09:26.530,1.66173,1.66205,1.00,1.60
2016.11.21 06:09:28.064,1.66168,1.66205,1.37,1.30
2016.11.21 06:09:28.165,1.66174,1.66207,1.42,1.37
2016.11.21 06:09:28.267,1.66175,1.66211,1.67,1.00
2016.11.21 06:09:28.401,1.66178,1.66217,1.37,1.87
2016.11.21 06:09:28.452,1.66178,1.66217,1.67,1.12
2016.11.21 06:09:29.134,1.66178,1.66217,1.60,1.37
2016.11.21 06:09:30.164,1.66178,1.66217,1.97,1.12
2016.11.21 06:09:30.947,1.66183,1.6622,1.00,1.12
2016.11.21 06:09:31.048,1.66183,1.66221,1.72,1.37
2016.11.21 06:09:31.573,1.66183,1.66221,1.00,1.50
2016.11.21 06:09:31.875,1.66183,1.66221,1.00,1.90
2016.11.21 06:09:33.465,1.66183,1.6622,1.00,1.87
2016.11.21 06:09:34.168,1.66183,1.6622,1.00,1.37
2016.11.21 06:09:39.973,1.66183,1.6622,1.00,1.37
2016.11.21 06:09:40.445,1.66189,1.6622,1.00,1.37
2016.11.21 06:09:40.547,1.66189,1.66222,1.00,1.87
2016.11.21 06:09:40.647,1.66193,1.66226,1.00,1.87
2016.11.21 06:09:40.749,1.66193,1.66229,1.00,2.40
2016.11.21 06:09:40.883,1.66189,1.66226,1.00,2.10
2016.11.21 06:09:41.200,1.66194,1.66222,1.00,1.37
2016.11.21 06:09:41.353,1.66188,1.66222,1.05,1.37
2016.11.21 06:09:41.605,1.66188,1.66222,1.00,1.37
2016.11.21 06:09:41.707,1.66188,1.66222,1.00,1.97
2016.11.21 06:09:41.909,1.66188,1.66218,1.00,1.67
2016.11.21 06:09:41.959,1.66188,1.66215,1.00,1.00
2016.11.21 06:09:42.060,1.66183,1.66215,1.00,1.42
2016.11.21 06:09:42.212,1.66183,1.66215,1.00,1.97
2016.11.21 06:09:42.595,1.66183,1.66214,1.00,1.90
2016.11.21 06:09:42.696,1.66178,1.66213,1.00,1.90
2016.11.21 06:09:42.848,1.66183,1.66213,1.00,1.90
2016.11.21 06:09:43.170,1.66178,1.6621,1.00,1.65
2016.11.21 06:09:43.371,1.66183,1.6621,1.00,1.60
2016.11.21 06:09:43.753,1.66179,1.6621,1.00,1.65
2016.11.21 06:09:47.153,1.66184,1.6621,1.00,1.60
2016.11.21 06:09:48.554,1.66178,1.6621,1.00,1.60
2016.11.21 06:09:49.721,1.66178,1.6621,1.00,1.65
2016.11.21 06:09:49.872,1.66178,1.66208,1.00,1.90
2016.11.21 06:09:49.923,1.66178,1.66208,1.00,1.60
2016.11.21 06:09:49.974,1.66178,1.66208,1.00,1.60
2016.11.21 06:09:50.096,1.66178,1.66208,1.00,1.60
2016.11.21 06:09:50.298,1.66183,1.66209,1.00,1.30
2016.11.21 06:09:50.399,1.66183,1.66213,1.00,1.30
2016.11.21 06:09:50.500,1.66183,1.66214,1.00,1.87
2016.11.21 06:09:50.601,1.66183,1.66214,1.00,1.50
2016.11.21 06:09:51.437,1.66183,1.66217,1.00,1.37
2016.11.21 06:09:51.488,1.66188,1.66217,1.00,1.37
2016.11.21 06:09:51.589,1.66188,1.66219,1.00,1.80
2016.11.21 06:09:52.070,1.66183,1.66219,1.00,1.35
2016.11.21 06:09:55.668,1.66188,1.66219,1.00,1.60
2016.11.21 06:09:56.081,1.66188,1.66223,1.00,1.37
2016.11.21 06:09:56.199,1.66188,1.66223,1.00,1.00
2016.11.21 06:09:57.360,1.66188,1.66223,1.30,1.00
2016.11.21 06:09:58.534,1.66188,1.66223,1.60,1.00
2016.11.21 06:09:58.585,1.66188,1.66223,1.05,1.00
2016.11.21 06:09:58.686,1.66193,1.66218,1.00,1.00
2016.11.21 06:09:58.787,1.66189,1.66219,1.00,1.00
2016.11.21 06:09:59.078,1.66194,1.66224,1.00,1.97
2016.11.21 06:09:59.128,1.66194,1.66224,1.00,1.05
2016.11.21 06:09:59.280,1.66194,1.66226,1.00,1.05
2016.11.21 06:09:59.380,1.66198,1.66226,1.00,1.05
2016.11.21 06:09:59.783,1.66194,1.66225,1.00,1.00
2016.11.21 06:09:59.985,1.66188,1.66225,1.00,1.67
2016.11.21 06:10:00.086,1.66188,1.66225,1.00,2.40
2016.11.21 06:10:00.594,1.66188,1.66222,1.00,1.00
2016.11.21 06:10:01.090,1.66188,1.66221,1.00,1.60
2016.11.21 06:10:01.594,1.66194,1.66223,1.00,1.00
2016.11.21 06:10:01.694,1.66193,1.66227,1.00,1.12
2016.11.21 06:10:01.947,1.66193,1.66226,1.00,1.87
2016.11.21 06:10:01.998,1.66188,1.66225,1.00,1.12
2016.11.21 06:10:02.149,1.66189,1.66221,1.00,1.12
2016.11.21 06:10:02.483,1.66189,1.66219,1.00,1.00
2016.11.21 06:10:03.020,1.66188,1.66219,1.00,1.00
2016.11.21 06:10:03.474,1.66188,1.66222,1.42,1.00
2016.11.21 06:10:03.977,1.66188,1.66221,1.67,1.00
2016.11.21 06:10:04.129,1.66188,1.66221,1.00,1.00
2016.11.21 06:10:04.975,1.66188,1.66221,1.35,1.00
2016.11.21 06:10:05.522,1.66188,1.66222,1.00,1.00
2016.11.21 06:10:05.623,1.66188,1.66222,1.37,1.12
2016.11.21 06:10:05.937,1.66188,1.66222,1.00,1.87
2016.11.21 06:10:07.293,1.66183,1.66219,2.62,1.00
2016.11.21 06:10:07.595,1.66184,1.66215,1.00,1.00
2016.11.21 06:10:08.099,1.66184,1.66215,1.00,1.30
2016.11.21 06:10:08.817,1.66184,1.66215,1.00,1.60
2016.11.21 06:10:08.965,1.66188,1.66219,1.00,1.00
2016.11.21 06:10:09.167,1.66188,1.66222,1.00,1.00
2016.11.21 06:10:09.671,1.66188,1.66221,1.05,1.00
2016.11.21 06:10:10.061,1.66188,1.66223,1.60,2.62
2016.11.21 06:10:10.644,1.66194,1.66222,1.00,1.50
2016.11.21 06:10:12.260,1.66188,1.66217,1.60,1.00
2016.11.21 06:10:12.361,1.66184,1.66215,1.30,1.37
2016.11.21 06:10:12.537,1.66178,1.66213,1.00,1.12
2016.11.21 06:10:13.004,1.66178,1.66213,1.00,1.60
2016.11.21 06:10:13.824,1.66178,1.66213,1.00,1.60
2016.11.21 06:10:14.158,1.66183,1.66214,1.00,2.40
2016.11.21 06:10:14.360,1.66178,1.66213,1.12,1.65
2016.11.21 06:10:15.305,1.66178,1.66213,1.00,1.65
2016.11.21 06:10:15.457,1.66178,1.66214,1.37,2.10
2016.11.21 06:10:15.616,1.66178,1.66214,1.12,1.90
2016.11.21 06:10:15.667,1.66179,1.66213,1.00,1.90
2016.11.21 06:10:16.116,1.66179,1.66209,1.00,1.90
2016.11.21 06:10:16.546,1.66173,1.66208,1.37,1.67
2016.11.21 06:10:16.747,1.66168,1.66205,1.37,1.90
2016.11.21 06:10:17.395,1.66168,1.66205,1.37,2.40
2016.11.21 06:10:18.359,1.66168,1.66202,1.37,1.00
2016.11.21 06:10:18.561,1.66174,1.66202,1.00,1.00
2016.11.21 06:10:19.096,1.66173,1.66202,1.00,1.00
2016.11.21 06:10:20.129,1.66164,1.66202,1.60,1.00
2016.11.21 06:10:23.192,1.66164,1.66202,1.60,1.00
2016.11.21 06:10:23.446,1.66163,1.66202,1.30,1.87
2016.11.21 06:10:23.957,1.66162,1.662,1.37,1.12
2016.11.21 06:10:24.290,1.66162,1.662,1.37,1.60
2016.11.21 06:10:26.344,1.66168,1.662,1.00,1.60
2016.11.21 06:10:26.395,1.66168,1.662,1.00,1.12
2016.11.21 06:10:26.533,1.66168,1.66203,1.30,1.37
2016.11.21 06:10:26.584,1.66178,1.66206,1.00,1.37
2016.11.21 06:10:26.686,1.66177,1.66206,1.00,1.00
2016.11.21 06:10:26.786,1.66178,1.66213,1.37,2.32
2016.11.21 06:10:26.837,1.66184,1.66213,1.00,1.95
2016.11.21 06:10:27.039,1.66178,1.66213,1.60,1.50
2016.11.21 06:10:27.190,1.66178,1.66212,1.60,1.00
2016.11.21 06:10:27.241,1.66179,1.66212,1.30,1.00
2016.11.21 06:10:27.292,1.66179,1.66212,1.00,1.00
2016.11.21 06:10:27.796,1.66179,1.66212,1.00,1.35
2016.11.21 06:10:28.056,1.66179,1.66212,1.00,1.60
2016.11.21 06:10:28.494,1.66179,1.66212,1.00,1.60
2016.11.21 06:10:28.956,1.66179,1.66212,1.00,1.65
2016.11.21 06:10:29.107,1.66179,1.66212,1.00,1.60
2016.11.21 06:10:29.474,1.66173,1.66213,1.87,1.90
2016.11.21 06:10:29.743,1.66179,1.66213,1.00,1.90
2016.11.21 06:10:30.932,1.66179,1.66213,1.00,1.90
2016.11.21 06:10:31.261,1.66179,1.66214,1.00,1.00
2016.11.21 06:10:31.663,1.66173,1.66214,1.87,1.00
2016.11.21 06:10:31.714,1.66173,1.66212,1.67,1.00
2016.11.21 06:10:32.016,1.66178,1.66214,1.37,1.00
2016.11.21 06:10:32.318,1.66175,1.66213,1.30,1.37
2016.11.21 06:10:32.369,1.66178,1.66213,1.00,1.37
2016.11.21 06:10:32.570,1.66178,1.66218,1.00,2.92
2016.11.21 06:10:32.771,1.66178,1.66217,1.00,1.37
2016.11.21 06:10:33.078,1.66184,1.66218,1.00,1.37
2016.11.21 06:10:33.581,1.66184,1.66221,1.35,1.37
2016.11.21 06:10:34.114,1.66179,1.66221,1.90,1.87
2016.11.21 06:10:35.119,1.66179,1.66221,1.90,1.87
2016.11.21 06:10:35.620,1.66179,1.66221,1.90,1.87
2016.11.21 06:10:36.220,1.66175,1.66221,2.34,1.37
2016.11.21 06:10:37.207,1.66175,1.66221,1.90,1.37
2016.11.21 06:10:37.258,1.66175,1.66221,2.46,1.37
2016.11.21 06:10:37.761,1.66175,1.66221,2.40,1.37
2016.11.21 06:10:38.462,1.66175,1.66221,1.90,1.87
2016.11.21 06:10:39.118,1.66175,1.66221,1.90,1.87
2016.11.21 06:10:45.208,1.66182,1.66221,1.27,1.37
2016.11.21 06:10:45.741,1.66178,1.6622,1.87,1.97
2016.11.21 06:10:45.892,1.66183,1.66219,1.00,1.30
2016.11.21 06:10:46.195,1.66183,1.66219,1.00,1.37
2016.11.21 06:10:46.497,1.66179,1.66218,1.37,2.17
2016.11.21 06:10:46.598,1.66179,1.66218,1.00,2.17
2016.11.21 06:10:46.699,1.66179,1.66217,1.37,1.37
2016.11.21 06:10:46.997,1.66178,1.66215,1.00,1.37
2016.11.21 06:10:47.598,1.66178,1.66215,1.37,1.37
2016.11.21 06:10:50.023,1.66178,1.66214,1.00,1.65
2016.11.21 06:10:50.325,1.66178,1.66213,1.00,1.30
2016.11.21 06:10:50.801,1.66173,1.66213,1.37,1.60
2016.11.21 06:10:50.898,1.66173,1.66213,1.67,1.30
2016.11.21 06:10:50.949,1.66173,1.66213,1.67,1.37
2016.11.21 06:10:51.299,1.66178,1.66216,1.00,2.17
2016.11.21 06:10:51.350,1.66178,1.66216,1.37,2.47
2016.11.21 06:10:51.606,1.66178,1.66216,1.12,2.17
2016.11.21 06:10:51.821,1.66173,1.66214,1.37,2.02
2016.11.21 06:10:51.923,1.66173,1.66214,1.67,1.87
2016.11.21 06:10:52.355,1.66173,1.66216,1.97,1.87
2016.11.21 06:10:52.708,1.66173,1.66216,1.60,1.87
2016.11.21 06:10:53.132,1.66173,1.66215,1.67,1.37
2016.11.21 06:10:53.333,1.66173,1.66216,1.60,1.87
2016.11.21 06:10:54.930,1.66176,1.66215,1.42,1.37
2016.11.21 06:10:54.981,1.66176,1.66215,1.72,1.37
2016.11.21 06:10:55.374,1.66173,1.66215,1.90,1.37
2016.11.21 06:10:56.007,1.66173,1.66215,1.90,1.37
2016.11.21 06:10:56.360,1.66174,1.66214,1.65,1.00
2016.11.21 06:10:56.461,1.66174,1.66214,1.90,1.37
2016.11.21 06:10:57.409,1.66174,1.66212,1.90,1.12
2016.11.21 06:10:57.857,1.66174,1.66212,1.90,1.12
2016.11.21 06:10:58.372,1.66178,1.66216,1.00,1.37
2016.11.21 06:10:58.423,1.66174,1.66213,1.67,1.00
2016.11.21 06:10:58.624,1.66173,1.66209,1.60,1.00
2016.11.21 06:10:58.725,1.66173,1.66209,1.60,1.00
2016.11.21 06:10:59.819,1.66173,1.66208,1.60,1.00
2016.11.21 06:11:00.795,1.66174,1.66208,1.00,1.00
2016.11.21 06:11:03.020,1.66173,1.66208,1.00,1.00
2016.11.21 06:11:03.847,1.66173,1.6621,1.00,1.87
2016.11.21 06:11:03.897,1.66178,1.6621,1.00,1.87
2016.11.21 06:11:03.998,1.66174,1.6621,1.00,1.00
2016.11.21 06:11:04.099,1.66174,1.66212,1.12,1.05
2016.11.21 06:11:06.474,1.66173,1.66213,1.12,1.60
2016.11.21 06:11:06.535,1.66173,1.66213,1.37,1.60
2016.11.21 06:11:07.512,1.66178,1.66214,1.00,1.60
2016.11.21 06:11:07.562,1.66178,1.66214,1.00,1.60
2016.11.21 06:11:07.613,1.66173,1.66214,1.37,1.60
2016.11.21 06:11:07.714,1.66179,1.66214,1.00,1.60
2016.11.21 06:11:08.006,1.66173,1.66214,1.37,1.65
2016.11.21 06:11:08.327,1.66178,1.66213,1.00,1.35
2016.11.21 06:11:09.036,1.66183,1.66214,1.00,1.30
2016.11.21 06:11:09.389,1.66183,1.66217,1.60,1.37
2016.11.21 06:11:09.986,1.66183,1.66217,1.35,1.37
2016.11.21 06:11:10.746,1.66183,1.66217,1.60,1.37
2016.11.21 06:11:12.709,1.66183,1.66217,1.65,1.37
2016.11.21 06:11:12.860,1.66183,1.66217,1.60,1.37
2016.11.21 06:11:12.911,1.66188,1.66217,1.00,1.37
2016.11.21 06:11:13.062,1.66188,1.66224,1.75,1.00
2016.11.21 06:11:13.163,1.66193,1.66226,1.00,1.37
2016.11.21 06:11:13.465,1.66194,1.66223,1.00,1.37
2016.11.21 06:11:13.516,1.66189,1.66223,1.00,1.67
2016.11.21 06:11:13.566,1.66189,1.66222,1.00,1.67
2016.11.21 06:11:13.869,1.66189,1.66222,1.00,1.90
2016.11.21 06:11:14.215,1.66189,1.66221,1.00,1.90
2016.11.21 06:11:14.975,1.66189,1.66221,1.00,1.90
2016.11.21 06:11:15.572,1.66189,1.66221,1.00,1.90
2016.11.21 06:11:16.096,1.66188,1.66223,1.37,1.67
2016.11.21 06:11:16.304,1.66183,1.66223,1.37,2.10
2016.11.21 06:11:16.388,1.66183,1.66223,1.00,2.10
2016.11.21 06:11:16.590,1.66183,1.6622,1.37,1.35
2016.11.21 06:11:16.691,1.66183,1.66222,1.37,1.30
2016.11.21 06:11:16.793,1.66184,1.66223,1.12,2.10
2016.11.21 06:11:17.095,1.66193,1.6623,1.00,2.40
2016.11.21 06:11:17.196,1.66194,1.6623,1.00,2.40
2016.11.21 06:11:17.398,1.66194,1.66228,1.00,1.90
2016.11.21 06:11:17.801,1.66194,1.66227,1.00,1.75
2016.11.21 06:11:17.902,1.66194,1.66223,1.00,1.05
2016.11.21 06:11:18.003,1.66188,1.6622,1.00,1.12
2016.11.21 06:11:18.103,1.66188,1.66223,1.00,2.17
2016.11.21 06:11:18.465,1.66188,1.66221,1.00,1.90
2016.11.21 06:11:19.067,1.66188,1.66221,1.00,1.90
2016.11.21 06:11:20.663,1.66188,1.66225,1.00,1.37
2016.11.21 06:11:20.764,1.66188,1.66227,1.50,1.37
2016.11.21 06:11:20.865,1.66188,1.66227,2.25,1.05
2016.11.21 06:11:21.264,1.66193,1.66229,1.67,1.37
2016.11.21 06:11:21.474,1.66195,1.66231,1.30,1.37
2016.11.21 06:11:21.575,1.66195,1.66231,1.30,1.37
2016.11.21 06:11:23.272,1.66193,1.66231,1.97,1.37
2016.11.21 06:11:23.808,1.66198,1.66231,1.00,1.37
2016.11.21 06:11:24.111,1.66193,1.6623,1.37,1.37
2016.11.21 06:11:24.211,1.66193,1.6623,1.37,1.37
2016.11.21 06:11:24.312,1.66193,1.66231,1.60,1.37
2016.11.21 06:11:24.900,1.66193,1.66231,1.67,1.37
2016.11.21 06:11:25.310,1.66198,1.66231,1.00,1.37
2016.11.21 06:11:25.795,1.66198,1.66229,1.00,1.37
2016.11.21 06:11:29.380,1.66198,1.6623,1.00,1.12
2016.11.21 06:11:29.481,1.66198,1.66232,1.00,1.37
2016.11.21 06:11:29.531,1.66193,1.66232,1.67,1.87
2016.11.21 06:11:29.733,1.66198,1.66232,1.00,1.37
2016.11.21 06:11:30.309,1.66198,1.66229,1.00,1.42
2016.11.21 06:11:30.360,1.66198,1.66229,1.00,1.72
2016.11.21 06:11:30.461,1.66198,1.66229,1.00,1.67
2016.11.21 06:11:30.763,1.66198,1.66229,1.00,1.90
2016.11.21 06:11:31.267,1.66198,1.66227,1.00,1.60
2016.11.21 06:11:31.643,1.66194,1.66227,1.00,1.90
2016.11.21 06:11:34.388,1.66194,1.66227,1.00,1.65
2016.11.21 06:11:41.265,1.66194,1.66228,1.00,1.65
2016.11.21 06:11:41.316,1.66194,1.66228,1.00,1.90
2016.11.21 06:11:45.254,1.66193,1.66229,1.00,1.90
2016.11.21 06:11:46.116,1.66193,1.66229,1.00,1.90
2016.11.21 06:11:50.074,1.66194,1.66229,1.00,1.90
2016.11.21 06:11:50.276,1.66193,1.66232,1.00,2.17
2016.11.21 06:11:50.443,1.66193,1.66232,1.00,2.10
2016.11.21 06:11:50.747,1.66193,1.66232,1.00,3.30
2016.11.21 06:11:50.801,1.66193,1.66232,1.00,2.10
2016.11.21 06:11:50.906,1.66194,1.66231,1.00,1.60
2016.11.21 06:11:51.347,1.66194,1.66229,1.00,1.33
2016.11.21 06:11:51.615,1.66194,1.6623,1.00,1.90
2016.11.21 06:11:52.177,1.66193,1.6623,1.00,1.90
2016.11.21 06:11:52.707,1.66193,1.66229,1.12,2.09
2016.11.21 06:11:53.078,1.66189,1.66226,1.00,1.87
2016.11.21 06:11:53.854,1.66189,1.66223,1.00,1.90
2016.11.21 06:11:53.905,1.66189,1.66223,1.00,1.60
2016.11.21 06:11:53.955,1.66189,1.66223,1.00,1.90
2016.11.21 06:11:55.043,1.66189,1.66224,1.00,1.90
2016.11.21 06:11:55.550,1.66189,1.66223,1.00,1.90
2016.11.21 06:11:55.947,1.66189,1.66223,1.00,1.90
2016.11.21 06:11:56.498,1.66189,1.66223,1.00,1.60
2016.11.21 06:11:57.348,1.66189,1.66223,1.00,1.90
2016.11.21 06:11:58.409,1.66189,1.66223,1.00,1.90
2016.11.21 06:11:58.939,1.66189,1.66223,1.00,1.60
2016.11.21 06:11:59.058,1.66183,1.66225,1.12,2.40
2016.11.21 06:11:59.189,1.66183,1.66225,1.12,2.10
2016.11.21 06:11:59.491,1.66183,1.66223,1.00,1.60
2016.11.21 06:11:59.844,1.66183,1.66223,1.00,1.60
2016.11.21 06:12:00.658,1.66183,1.66223,1.12,1.90
2016.11.21 06:12:01.248,1.66183,1.66223,1.12,1.90
2016.11.21 06:12:01.583,1.66189,1.66222,1.00,1.90
2016.11.21 06:12:01.748,1.66184,1.66222,1.00,1.90
2016.11.21 06:12:02.320,1.66184,1.66222,1.00,1.90
2016.11.21 06:12:02.648,1.66188,1.66222,1.00,1.90
2016.11.21 06:12:03.178,1.66188,1.66223,1.12,1.90
2016.11.21 06:12:03.279,1.66186,1.66221,1.00,1.60
2016.11.21 06:12:03.330,1.66184,1.66221,1.37,1.90
2016.11.21 06:12:03.650,1.66184,1.66221,1.00,1.90
2016.11.21 06:12:03.858,1.66188,1.66224,1.00,1.90
2016.11.21 06:12:04.161,1.66188,1.66223,1.00,1.90
2016.11.21 06:12:04.262,1.66184,1.66221,1.00,1.90
2016.11.21 06:12:05.252,1.66184,1.66221,1.12,1.90
2016.11.21 06:12:05.797,1.66184,1.66221,1.00,1.90
2016.11.21 06:12:06.337,1.66184,1.66221,1.00,1.90
2016.11.21 06:12:06.488,1.66178,1.66217,1.00,1.90
2016.11.21 06:12:06.589,1.66174,1.66216,1.12,3.15
2016.11.21 06:12:07.094,1.66173,1.66211,1.00,1.60
2016.11.21 06:12:07.145,1.66173,1.66211,1.00,1.60
2016.11.21 06:12:07.521,1.66173,1.66209,1.00,1.90
2016.11.21 06:12:07.976,1.66173,1.6621,1.00,1.12
2016.11.21 06:12:08.077,1.66178,1.66213,1.00,2.40
2016.11.21 06:12:08.178,1.66178,1.66213,1.00,2.47
2016.11.21 06:12:08.696,1.66178,1.66215,1.00,1.30
2016.11.21 06:12:08.865,1.66178,1.66216,1.12,1.00
2016.11.21 06:12:09.067,1.66178,1.66218,1.42,1.50
2016.11.21 06:12:09.266,1.66178,1.66221,1.60,1.50
2016.11.21 06:12:09.417,1.66178,1.66221,1.60,1.00
2016.11.21 06:12:09.996,1.66178,1.66221,1.60,1.00
2016.11.21 06:12:10.392,1.66179,1.66221,1.12,1.60
2016.11.21 06:12:10.897,1.6618,1.66221,1.00,1.65
2016.11.21 06:12:10.998,1.66184,1.66221,1.00,1.30
2016.11.21 06:12:11.397,1.66184,1.66223,1.00,1.60
2016.11.21 06:12:12.014,1.66184,1.66223,1.37,1.30
2016.11.21 06:12:12.064,1.66188,1.66225,1.00,1.80
2016.11.21 06:12:12.115,1.66188,1.66225,1.00,1.37
2016.11.21 06:12:12.468,1.66183,1.66224,1.65,1.37
2016.11.21 06:12:12.575,1.66184,1.66224,1.00,1.67
2016.11.21 06:12:12.978,1.66183,1.66224,1.00,1.60
2016.11.21 06:12:13.281,1.66183,1.66224,1.00,1.30
2016.11.21 06:12:13.886,1.66186,1.66226,1.00,1.50
2016.11.21 06:12:13.937,1.66186,1.66225,1.30,1.00
2016.11.21 06:12:14.240,1.66189,1.66222,1.35,1.00
2016.11.21 06:12:14.391,1.66189,1.66222,1.00,1.00
2016.11.21 06:12:14.946,1.66189,1.66225,1.00,1.05
2016.11.21 06:12:14.997,1.66189,1.66225,1.00,1.35
2016.11.21 06:12:15.098,1.66186,1.66225,1.00,1.35
2016.11.21 06:12:15.199,1.66186,1.66225,1.00,1.60
2016.11.21 06:12:15.797,1.66186,1.66223,1.00,1.00
2016.11.21 06:12:16.434,1.66186,1.66222,1.00,1.05
2016.11.21 06:12:18.669,1.66188,1.66222,1.00,1.05
2016.11.21 06:12:18.770,1.66186,1.66222,1.00,1.80
2016.11.21 06:12:18.821,1.66183,1.66222,1.42,2.17
2016.11.21 06:12:18.872,1.66179,1.66217,2.17,1.50
2016.11.21 06:12:19.200,1.66179,1.66217,1.37,2.17
2016.11.21 06:12:19.502,1.66183,1.66217,1.00,1.97
2016.11.21 06:12:21.970,1.66183,1.66217,1.00,1.90
2016.11.21 06:12:23.457,1.66183,1.66217,1.00,1.90
2016.11.21 06:12:24.083,1.66183,1.66217,1.00,1.90
2016.11.21 06:12:25.032,1.66183,1.66216,1.00,1.90
2016.11.21 06:12:25.083,1.66183,1.66216,1.00,1.90
2016.11.21 06:12:25.759,1.66183,1.66216,1.00,1.65
2016.11.21 06:12:26.998,1.66184,1.66216,1.00,1.65
2016.11.21 06:12:28.019,1.66184,1.66216,1.00,1.60
2016.11.21 06:12:28.120,1.66178,1.66215,1.37,1.90
2016.11.21 06:12:28.422,1.66178,1.66211,1.00,1.90
2016.11.21 06:12:28.473,1.66178,1.6621,1.00,1.30
2016.11.21 06:12:28.524,1.66178,1.6621,1.00,1.60
2016.11.21 06:12:29.093,1.66178,1.66209,1.00,1.60
2016.11.21 06:12:30.034,1.66179,1.66209,1.00,1.90
2016.11.21 06:12:30.798,1.66178,1.66208,1.00,1.90
2016.11.21 06:12:31.040,1.66178,1.66207,1.00,1.00
2016.11.21 06:12:31.141,1.66174,1.66207,1.00,1.05
2016.11.21 06:12:31.405,1.66174,1.66207,1.00,1.60
2016.11.21 06:12:31.707,1.66174,1.66207,1.00,1.60
2016.11.21 06:12:32.446,1.66174,1.66207,1.00,1.90
2016.11.21 06:12:33.026,1.66173,1.66207,1.00,1.90
2016.11.21 06:12:33.328,1.66173,1.66209,1.50,1.35
2016.11.21 06:12:33.429,1.66173,1.66209,1.50,1.05
2016.11.21 06:12:33.530,1.66173,1.66209,1.50,1.65
2016.11.21 06:12:33.581,1.66173,1.66209,1.50,1.05
2016.11.21 06:12:33.631,1.66173,1.66209,1.50,1.90
2016.11.21 06:12:33.833,1.66168,1.66206,1.87,1.30
2016.11.21 06:12:33.884,1.66171,1.66207,1.00,1.35
2016.11.21 06:12:33.984,1.66169,1.66206,1.12,1.30
2016.11.21 06:12:34.035,1.66169,1.66206,1.37,1.60
2016.11.21 06:12:34.470,1.66168,1.66205,1.12,1.60
2016.11.21 06:12:35.120,1.66168,1.66205,1.12,1.90
2016.11.21 06:12:35.321,1.66168,1.66202,1.00,1.90
2016.11.21 06:12:36.854,1.66168,1.66202,1.00,1.90
2016.11.21 06:12:37.710,1.66168,1.66202,1.00,1.90
2016.11.21 06:12:40.083,1.66168,1.66199,1.00,1.05
2016.11.21 06:12:40.134,1.66168,1.66199,1.00,1.30
2016.11.21 06:12:40.184,1.66168,1.66201,1.00,1.60
2016.11.21 06:12:40.285,1.66168,1.662,1.00,1.30
2016.11.21 06:12:40.718,1.66168,1.662,1.00,1.60
2016.11.21 06:12:41.246,1.66168,1.662,1.00,1.60
2016.11.21 06:12:42.270,1.66168,1.66202,1.00,1.90
2016.11.21 06:12:42.472,1.66169,1.66202,1.00,1.90
2016.11.21 06:12:44.599,1.66168,1.66202,1.00,1.90
2016.11.21 06:12:45.396,1.66168,1.66204,1.00,1.05
2016.11.21 06:12:45.547,1.66168,1.66204,1.00,1.30
2016.11.21 06:12:45.850,1.66168,1.66206,1.00,1.60
2016.11.21 06:12:45.963,1.66168,1.66205,1.37,1.00
2016.11.21 06:12:46.064,1.66173,1.6621,1.00,1.00
2016.11.21 06:12:46.266,1.66173,1.66209,1.60,1.00
2016.11.21 06:12:46.612,1.66178,1.66209,1.00,1.00
2016.11.21 06:12:47.074,1.66178,1.66211,1.00,1.00
2016.11.21 06:12:49.292,1.66178,1.66212,1.00,1.65
2016.11.21 06:12:50.071,1.66178,1.66211,1.00,1.60
2016.11.21 06:12:52.408,1.66183,1.66212,1.00,1.60
2016.11.21 06:12:54.294,1.66183,1.66214,1.00,1.65
2016.11.21 06:12:54.496,1.66183,1.66214,1.00,1.00
2016.11.21 06:12:54.899,1.66183,1.66213,1.00,1.60
2016.11.21 06:12:54.950,1.66183,1.66213,1.00,1.60
2016.11.21 06:12:55.151,1.66183,1.66213,1.00,1.60
2016.11.21 06:12:58.897,1.66183,1.66216,1.00,1.65
2016.11.21 06:12:59.065,1.66188,1.66216,1.00,1.00
2016.11.21 06:12:59.116,1.66188,1.6622,1.00,1.00
2016.11.21 06:12:59.167,1.66188,1.66223,1.00,1.50
2016.11.21 06:12:59.629,1.66193,1.66223,1.00,1.00
2016.11.21 06:13:00.001,1.66193,1.66225,1.00,1.00
2016.11.21 06:13:00.303,1.66193,1.66224,1.00,1.90
2016.11.21 06:13:00.605,1.66193,1.66223,1.00,1.60
2016.11.21 06:13:00.656,1.66188,1.66223,1.00,1.60
2016.11.21 06:13:01.872,1.66188,1.66223,1.00,1.60
2016.11.21 06:13:04.814,1.66188,1.66223,1.00,1.90
2016.11.21 06:13:05.094,1.66188,1.6622,1.00,1.60
2016.11.21 06:13:05.195,1.66188,1.6622,1.00,1.42
2016.11.21 06:13:05.347,1.66188,1.6622,1.00,1.30
2016.11.21 06:13:05.599,1.66188,1.66222,1.00,1.60
2016.11.21 06:13:05.943,1.66188,1.66222,1.00,1.90
2016.11.21 06:13:05.994,1.66188,1.66222,1.00,1.67
2016.11.21 06:13:06.095,1.66188,1.66221,1.00,1.05
2016.11.21 06:13:06.252,1.66188,1.6622,1.00,1.30
2016.11.21 06:13:06.555,1.66188,1.66222,1.00,1.60
2016.11.21 06:13:07.056,1.66188,1.66223,1.00,1.90
2016.11.21 06:13:07.546,1.66189,1.66223,1.00,1.90
2016.11.21 06:13:07.697,1.66189,1.66219,1.00,1.00
2016.11.21 06:13:07.798,1.66189,1.66221,1.00,1.00
2016.11.21 06:13:12.211,1.66189,1.66221,1.00,1.37
2016.11.21 06:13:12.824,1.66189,1.66222,1.00,1.37
2016.11.21 06:13:13.076,1.66183,1.66222,1.50,1.87
2016.11.21 06:13:13.127,1.66183,1.66218,1.00,1.67
2016.11.21 06:13:13.429,1.66178,1.66212,1.00,1.90
2016.11.21 06:13:13.581,1.66173,1.66211,1.50,1.60
2016.11.21 06:13:13.833,1.66174,1.66209,1.00,1.60
2016.11.21 06:13:14.135,1.66173,1.66208,1.50,1.72
2016.11.21 06:13:14.699,1.66174,1.66207,1.00,1.90
2016.11.21 06:13:15.355,1.66174,1.66208,1.00,1.60
2016.11.21 06:13:15.456,1.66169,1.66206,1.00,1.60
2016.11.21 06:13:15.708,1.66168,1.66206,1.00,1.25
2016.11.21 06:13:16.232,1.66168,1.66203,1.00,1.28
2016.11.21 06:13:16.772,1.66168,1.66203,1.00,1.90
2016.11.21 06:13:18.958,1.66168,1.66202,1.00,2.10
2016.11.21 06:13:19.110,1.66168,1.66202,1.00,1.90
2016.11.21 06:13:20.181,1.66168,1.66202,1.00,1.90
2016.11.21 06:13:20.965,1.66168,1.66203,1.00,1.00
2016.11.21 06:13:21.177,1.66173,1.66206,1.00,1.60
2016.11.21 06:13:21.918,1.66173,1.66207,1.00,1.60
2016.11.21 06:13:22.427,1.66173,1.66207,1.00,1.12
2016.11.21 06:13:25.776,1.66178,1.66214,1.00,1.37
2016.11.21 06:13:26.079,1.66188,1.66218,1.00,1.12
2016.11.21 06:13:26.281,1.66183,1.66218,1.30,1.37
2016.11.21 06:13:26.785,1.66183,1.66218,1.00,1.60
2016.11.21 06:13:27.468,1.66183,1.66218,1.00,1.60
2016.11.21 06:13:27.958,1.66188,1.6622,1.00,1.60
2016.11.21 06:13:28.059,1.66188,1.66221,1.00,1.30
2016.11.21 06:13:28.160,1.66188,1.66221,1.00,1.00
2016.11.21 06:13:28.261,1.66188,1.66224,1.00,1.42
2016.11.21 06:13:28.463,1.66188,1.66222,1.00,1.00
2016.11.21 06:13:28.996,1.66188,1.66223,1.00,1.12
2016.11.21 06:13:29.443,1.66188,1.66222,1.00,1.37
2016.11.21 06:13:30.299,1.66188,1.66222,1.05,1.37
2016.11.21 06:13:32.442,1.66188,1.66222,1.00,1.90
2016.11.21 06:13:32.870,1.66193,1.66225,1.00,1.65
2016.11.21 06:13:33.172,1.66193,1.66224,1.00,1.60
2016.11.21 06:13:33.575,1.66188,1.66224,1.37,1.60
2016.11.21 06:13:35.266,1.66188,1.66225,2.17,1.37
2016.11.21 06:13:35.367,1.66188,1.6622,1.00,1.12
2016.11.21 06:13:38.224,1.66188,1.6622,1.00,1.37
2016.11.21 06:13:39.325,1.66188,1.66219,1.00,1.37
2016.11.21 06:13:40.787,1.66188,1.66221,1.00,1.37
2016.11.21 06:13:41.884,1.66188,1.6622,1.00,1.12
2016.11.21 06:13:41.935,1.66188,1.6622,1.00,1.37
2016.11.21 06:13:42.187,1.66184,1.66217,1.00,1.00
2016.11.21 06:13:42.490,1.66189,1.66218,1.00,1.00
2016.11.21 06:13:42.792,1.66189,1.66216,1.00,1.35
2016.11.21 06:13:43.115,1.66189,1.66216,1.00,1.90
2016.11.21 06:13:44.506,1.66189,1.66216,1.00,1.00
2016.11.21 06:13:44.877,1.66189,1.66214,1.00,1.30
2016.11.21 06:13:44.927,1.66189,1.66214,1.00,1.00
2016.11.21 06:13:44.978,1.66189,1.66214,1.00,1.60
2016.11.21 06:13:46.281,1.66183,1.66217,1.00,1.90
2016.11.21 06:13:46.332,1.66183,1.66217,1.00,1.90
2016.11.21 06:13:46.383,1.66179,1.66214,1.00,1.72
2016.11.21 06:13:46.433,1.66179,1.66214,1.00,1.90
2016.11.21 06:13:46.982,1.66178,1.66209,1.00,1.35
2016.11.21 06:13:47.296,1.66178,1.66209,1.00,1.35
2016.11.21 06:13:47.397,1.66178,1.66211,1.00,1.60
2016.11.21 06:13:48.001,1.66178,1.6621,1.00,1.35
2016.11.21 06:13:48.513,1.66178,1.66209,1.00,1.35
2016.11.21 06:13:48.799,1.66178,1.66211,1.00,1.60
2016.11.21 06:13:50.276,1.66179,1.66212,1.00,1.60
2016.11.21 06:13:50.726,1.66179,1.66212,1.00,1.00
2016.11.21 06:13:51.847,1.66179,1.66207,1.00,1.00
2016.11.21 06:13:51.897,1.66174,1.66208,1.37,1.80
2016.11.21 06:13:51.998,1.6617,1.66203,1.00,1.37
2016.11.21 06:13:52.049,1.6617,1.66198,1.00,1.00
2016.11.21 06:13:52.207,1.66163,1.66197,1.37,1.60
2016.11.21 06:13:52.309,1.66163,1.66197,1.00,2.10
2016.11.21 06:13:52.813,1.66163,1.66196,1.00,1.30
2016.11.21 06:13:52.914,1.66163,1.66196,1.37,1.05
2016.11.21 06:13:53.452,1.66163,1.66197,1.37,1.50
2016.11.21 06:13:53.755,1.66163,1.66193,1.00,1.05
2016.11.21 06:13:54.295,1.66163,1.66194,1.00,1.50
2016.11.21 06:13:54.648,1.66163,1.66192,1.00,1.00
2016.11.21 06:13:55.168,1.66163,1.66193,1.00,1.00
2016.11.21 06:13:56.098,1.66164,1.66192,1.00,1.00
2016.11.21 06:13:56.636,1.66163,1.66191,1.00,1.00
2016.11.21 06:13:57.029,1.66169,1.66191,1.00,1.00
2016.11.21 06:13:57.298,1.66168,1.66194,1.00,1.00
2016.11.21 06:13:58.035,1.66168,1.66193,1.00,1.00
2016.11.21 06:13:58.984,1.66168,1.66192,1.00,1.00
2016.11.21 06:13:59.085,1.66163,1.66192,1.00,1.00
2016.11.21 06:13:59.410,1.66169,1.66192,1.00,1.00
2016.11.21 06:13:59.511,1.66169,1.66194,1.00,2.25
2016.11.21 06:13:59.641,1.66168,1.66192,1.00,1.00
2016.11.21 06:14:00.150,1.66169,1.66192,1.00,1.00
2016.11.21 06:14:00.654,1.66168,1.66191,1.00,1.00
2016.11.21 06:14:00.705,1.66163,1.66191,1.00,1.05
2016.11.21 06:14:00.893,1.66163,1.66191,1.00,1.35
2016.11.21 06:14:01.506,1.66163,1.66191,1.00,1.35
2016.11.21 06:14:01.798,1.66168,1.66192,1.00,1.30
2016.11.21 06:14:02.302,1.66168,1.66192,1.00,1.00
2016.11.21 06:14:02.644,1.66168,1.66188,1.00,1.00
2016.11.21 06:14:02.795,1.66169,1.66191,1.00,1.00
2016.11.21 06:14:02.846,1.66173,1.66191,1.00,1.00
2016.11.21 06:14:02.947,1.66173,1.66194,1.00,1.00
2016.11.21 06:14:03.541,1.66173,1.662,1.00,1.00
2016.11.21 06:14:03.895,1.66173,1.66203,1.00,1.50
2016.11.21 06:14:04.198,1.66173,1.66205,1.00,1.00
2016.11.21 06:14:04.401,1.66178,1.66205,1.00,1.50
2016.11.21 06:14:05.012,1.66179,1.66205,1.00,1.00
2016.11.21 06:14:05.316,1.66183,1.66206,1.00,1.00
2016.11.21 06:14:05.499,1.66178,1.66206,1.00,1.00
2016.11.21 06:14:05.851,1.66179,1.66206,1.00,2.10
2016.11.21 06:14:06.166,1.66179,1.66206,1.00,1.90
2016.11.21 06:14:06.795,1.66179,1.66206,1.00,2.10
2016.11.21 06:14:07.419,1.66179,1.66206,1.00,2.40
2016.11.21 06:14:07.932,1.66179,1.66206,1.00,2.40
2016.11.21 06:14:09.605,1.66178,1.66206,1.00,1.60
2016.11.21 06:14:12.311,1.66178,1.66201,1.00,1.67
2016.11.21 06:14:12.412,1.66174,1.66198,1.00,1.30
2016.11.21 06:14:12.564,1.66174,1.66198,1.00,2.40
2016.11.21 06:14:12.866,1.66174,1.66196,1.00,1.60
2016.11.21 06:14:12.917,1.66169,1.66196,1.00,1.60
2016.11.21 06:14:13.448,1.66169,1.66194,1.00,1.30
2016.11.21 06:14:13.909,1.66163,1.66191,1.00,1.35
2016.11.21 06:14:14.469,1.66163,1.66191,1.00,1.35
2016.11.21 06:14:18.615,1.66164,1.66191,1.00,1.35
2016.11.21 06:14:18.825,1.66168,1.66191,1.00,1.05
2016.11.21 06:14:19.026,1.66173,1.66199,1.00,1.05
2016.11.21 06:14:19.128,1.66173,1.66202,1.00,1.37
2016.11.21 06:14:19.229,1.66178,1.66204,1.00,1.50
2016.11.21 06:14:19.447,1.66174,1.66204,1.00,1.87
2016.11.21 06:14:19.750,1.66173,1.66197,1.00,1.00
2016.11.21 06:14:21.334,1.66168,1.66197,1.00,1.00
2016.11.21 06:14:21.570,1.66168,1.66197,1.00,2.10
2016.11.21 06:14:21.621,1.66164,1.66197,1.00,2.10
2016.11.21 06:14:21.722,1.66164,1.66194,1.00,1.37
2016.11.21 06:14:22.227,1.66163,1.66194,1.00,2.17
2016.11.21 06:14:22.763,1.66158,1.66194,1.00,2.17
2016.11.21 06:14:23.318,1.66158,1.66191,1.00,1.30
2016.11.21 06:14:23.853,1.66159,1.66191,1.00,1.37
2016.11.21 06:14:24.357,1.66158,1.66191,1.00,2.40
2016.11.21 06:14:24.689,1.66159,1.66191,1.00,1.00
2016.11.21 06:14:25.759,1.66155,1.66187,1.65,1.00
2016.11.21 06:14:25.910,1.66153,1.66185,1.00,1.87
2016.11.21 06:14:25.961,1.66153,1.66181,1.00,1.37
2016.11.21 06:14:26.062,1.66153,1.66181,1.00,1.00
2016.11.21 06:14:26.163,1.66148,1.66181,1.00,1.00
2016.11.21 06:14:26.415,1.66148,1.66184,1.00,1.00
2016.11.21 06:14:26.768,1.66148,1.66185,1.00,2.10
2016.11.21 06:14:27.070,1.66148,1.66185,1.00,2.40
2016.11.21 06:14:27.384,1.66148,1.66184,1.00,1.00
2016.11.21 06:14:27.777,1.66148,1.66184,1.00,1.60
2016.11.21 06:14:28.160,1.66153,1.66185,1.00,1.30
2016.11.21 06:14:28.211,1.66153,1.66185,1.12,1.00
2016.11.21 06:14:28.312,1.66153,1.66188,1.00,1.05
2016.11.21 06:14:28.848,1.66153,1.66189,1.00,2.17
2016.11.21 06:14:29.302,1.66153,1.66188,1.00,1.30
2016.11.21 06:14:29.817,1.66153,1.66188,1.00,1.60
2016.11.21 06:14:30.377,1.66153,1.66188,1.00,1.60
2016.11.21 06:14:31.054,1.66153,1.66188,1.00,1.60
2016.11.21 06:14:32.859,1.66153,1.66188,1.00,1.90
2016.11.21 06:14:33.061,1.66148,1.66182,1.00,1.05
2016.11.21 06:14:33.263,1.66144,1.66181,1.30,1.50
2016.11.21 06:14:33.414,1.66144,1.66181,1.00,2.92
2016.11.21 06:14:33.716,1.66148,1.6618,1.00,1.30
2016.11.21 06:14:33.868,1.66148,1.66182,1.00,1.00
2016.11.21 06:14:34.322,1.66148,1.66182,1.00,1.37
2016.11.21 06:14:34.705,1.66148,1.66181,1.00,1.67
2016.11.21 06:14:34.856,1.66144,1.66175,1.00,1.37
2016.11.21 06:14:35.058,1.66138,1.66173,1.00,1.65
2016.11.21 06:14:35.310,1.66138,1.66174,1.30,1.30
2016.11.21 06:14:35.411,1.6614,1.66176,1.30,1.12
2016.11.21 06:14:35.462,1.66143,1.66176,1.00,1.12
2016.11.21 06:14:35.865,1.66149,1.66181,1.00,1.12
2016.11.21 06:14:36.172,1.66153,1.6619,1.37,1.00
2016.11.21 06:14:36.223,1.66153,1.6619,1.35,1.00
2016.11.21 06:14:36.274,1.66158,1.6619,1.00,1.00
2016.11.21 06:14:36.571,1.66158,1.66192,1.00,1.50
2016.11.21 06:14:36.772,1.66158,1.66189,1.00,1.00
2016.11.21 06:14:37.230,1.66158,1.66189,1.00,1.37
2016.11.21 06:14:37.281,1.66153,1.66187,1.05,1.12
2016.11.21 06:14:37.382,1.66153,1.66185,1.00,1.00
2016.11.21 06:14:37.885,1.66153,1.66184,1.00,1.05
2016.11.21 06:14:38.188,1.66153,1.66184,1.00,1.65
2016.11.21 06:14:38.628,1.66153,1.66184,1.00,1.90
2016.11.21 06:14:38.761,1.66148,1.6618,1.00,1.90
2016.11.21 06:14:38.912,1.66148,1.6618,1.00,1.65
2016.11.21 06:14:39.419,1.66148,1.66181,1.00,1.65
2016.11.21 06:14:39.789,1.66148,1.66181,1.00,1.90
2016.11.21 06:14:39.890,1.66148,1.66181,1.00,1.65
2016.11.21 06:14:40.429,1.66148,1.66181,1.00,1.90
2016.11.21 06:14:41.148,1.66149,1.66181,1.00,1.90
2016.11.21 06:14:41.377,1.66153,1.66182,1.00,1.30
2016.11.21 06:14:41.428,1.66153,1.66182,1.00,1.00
2016.11.21 06:14:41.579,1.66153,1.66185,1.00,1.00
2016.11.21 06:14:42.247,1.66153,1.66185,1.00,1.42
2016.11.21 06:14:42.299,1.66148,1.66182,1.00,1.12
2016.11.21 06:14:42.400,1.66148,1.66181,1.00,1.35
2016.11.21 06:14:42.702,1.66148,1.66181,1.00,1.65
2016.11.21 06:14:43.052,1.66148,1.66181,1.00,1.90
2016.11.21 06:14:43.102,1.66148,1.66181,1.00,1.60
2016.11.21 06:14:44.052,1.66153,1.66181,1.00,1.60
2016.11.21 06:14:45.097,1.66148,1.66181,1.00,1.60
2016.11.21 06:14:45.855,1.66153,1.6618,1.00,1.60
2016.11.21 06:14:46.179,1.66148,1.6618,1.00,1.65
2016.11.21 06:14:46.691,1.66148,1.66181,1.00,1.60
2016.11.21 06:14:46.843,1.66153,1.66181,1.00,1.05
2016.11.21 06:14:46.945,1.66153,1.66183,1.00,1.00
2016.11.21 06:14:47.096,1.66153,1.66188,1.00,1.50
2016.11.21 06:14:47.248,1.66153,1.6619,1.00,1.50
2016.11.21 06:14:47.788,1.66153,1.66189,1.50,1.00
2016.11.21 06:14:48.039,1.66153,1.66189,1.00,1.37
2016.11.21 06:14:48.140,1.66148,1.66187,1.87,1.12
2016.11.21 06:14:48.797,1.66148,1.66187,1.50,1.37
2016.11.21 06:14:48.945,1.66148,1.66187,1.50,1.37
2016.11.21 06:14:49.248,1.66153,1.66184,1.00,1.87
2016.11.21 06:14:50.073,1.66153,1.66186,1.00,1.00
2016.11.21 06:14:50.508,1.66153,1.66184,1.00,1.00
2016.11.21 06:14:50.760,1.66149,1.66182,1.00,1.00
2016.11.21 06:14:51.171,1.66148,1.6618,1.00,1.05
2016.11.21 06:14:51.676,1.66149,1.6618,1.00,2.10
2016.11.21 06:14:52.422,1.66149,1.66178,1.00,1.00
2016.11.21 06:14:53.015,1.66149,1.66179,1.00,1.00
2016.11.21 06:14:53.272,1.66143,1.66177,1.00,1.00
2016.11.21 06:14:53.924,1.66144,1.66176,1.00,1.00
2016.11.21 06:14:54.937,1.66144,1.66176,1.00,1.37
2016.11.21 06:14:55.038,1.66138,1.66176,1.00,1.97
2016.11.21 06:14:55.651,1.66139,1.66172,1.00,1.00
2016.11.21 06:14:56.270,1.66139,1.66171,1.00,1.00
2016.11.21 06:14:56.598,1.66139,1.66173,1.00,1.35
2016.11.21 06:14:57.675,1.66139,1.66174,1.00,1.60
2016.11.21 06:14:58.473,1.66139,1.66173,1.00,1.35
2016.11.21 06:14:58.773,1.66139,1.66173,1.00,1.65
2016.11.21 06:14:58.874,1.66133,1.66171,1.00,1.35
2016.11.21 06:14:59.086,1.66133,1.66171,1.00,2.10
2016.11.21 06:14:59.604,1.66134,1.66171,1.00,2.85
2016.11.21 06:15:00.326,1.66134,1.66171,1.00,2.85
2016.11.21 06:15:00.797,1.66134,1.66171,1.00,2.85
2016.11.21 06:15:01.329,1.66133,1.6617,1.00,2.02
2016.11.21 06:15:01.380,1.66128,1.66165,1.37,1.05
2016.11.21 06:15:01.464,1.66128,1.66165,1.00,1.35
2016.11.21 06:15:01.515,1.66128,1.66165,1.00,2.10
2016.11.21 06:15:01.868,1.66128,1.66162,1.00,1.60
2016.11.21 06:15:01.969,1.66124,1.66162,1.00,1.35
2016.11.21 06:15:02.120,1.66124,1.66162,1.00,2.10
2016.11.21 06:15:02.656,1.66123,1.66162,1.00,1.65
2016.11.21 06:15:02.874,1.66118,1.66162,1.12,2.40
2016.11.21 06:15:03.079,1.66123,1.66162,1.00,1.90
2016.11.21 06:15:03.741,1.66118,1.66162,1.37,2.40
2016.11.21 06:15:04.248,1.66118,1.66162,1.37,3.15
2016.11.21 06:15:04.360,1.66118,1.66162,1.12,3.15
2016.11.21 06:15:04.659,1.66118,1.66162,1.12,3.15
2016.11.21 06:15:04.961,1.66123,1.6616,1.00,1.67
2016.11.21 06:15:05.063,1.66118,1.6616,1.42,1.37
2016.11.21 06:15:05.266,1.66118,1.66159,1.00,1.60
2016.11.21 06:15:05.367,1.66118,1.66159,1.37,1.60
2016.11.21 06:15:05.764,1.66118,1.66159,1.00,1.97
2016.11.21 06:15:05.966,1.66118,1.6616,1.12,1.90
2016.11.21 06:15:06.218,1.66118,1.66159,1.12,1.65
2016.11.21 06:15:06.269,1.66123,1.66159,1.00,1.65
2016.11.21 06:15:06.826,1.66123,1.66159,1.00,1.60
2016.11.21 06:15:07.930,1.66123,1.66159,1.00,1.90
2016.11.21 06:15:08.031,1.66123,1.66159,1.00,1.60
2016.11.21 06:15:08.082,1.66123,1.66159,1.00,1.60
2016.11.21 06:15:08.653,1.66123,1.66161,1.00,1.90
2016.11.21 06:15:08.856,1.66119,1.66156,1.12,1.30
2016.11.21 06:15:09.398,1.66118,1.66157,1.00,1.60
2016.11.21 06:15:09.960,1.66118,1.66157,1.00,2.10
2016.11.21 06:15:10.887,1.66123,1.66157,1.00,1.60
2016.11.21 06:15:11.674,1.66123,1.66158,1.00,1.65
2016.11.21 06:15:12.128,1.66123,1.66158,1.00,1.60
2016.11.21 06:15:12.638,1.66123,1.66157,1.00,1.60
2016.11.21 06:15:13.200,1.66123,1.66157,1.00,1.35
2016.11.21 06:15:14.681,1.66123,1.6616,1.00,1.65
2016.11.21 06:15:14.933,1.66123,1.6616,1.00,1.00
2016.11.21 06:15:15.106,1.66118,1.66157,1.87,1.05
2016.11.21 06:15:15.630,1.66119,1.66157,1.12,1.35
2016.11.21 06:15:15.681,1.66123,1.6616,1.00,1.60
2016.11.21 06:15:16.296,1.66123,1.6616,1.00,1.65
2016.11.21 06:15:16.917,1.66123,1.6616,1.00,1.60
2016.11.21 06:15:17.250,1.66123,1.6616,1.00,1.60
2016.11.21 06:15:17.300,1.66123,1.6616,1.00,1.65
2016.11.21 06:15:17.845,1.66123,1.66157,1.00,1.90
2016.11.21 06:15:18.097,1.66118,1.66157,1.37,2.40
2016.11.21 06:15:18.827,1.6612,1.66157,1.00,1.65
2016.11.21 06:15:19.028,1.6612,1.66157,1.00,1.35
2016.11.21 06:15:20.075,1.66119,1.66157,1.12,1.35
2016.11.21 06:15:20.394,1.66123,1.6616,1.00,1.65
2016.11.21 06:15:20.697,1.66123,1.66159,1.00,1.90
2016.11.21 06:15:20.798,1.66119,1.66156,1.00,2.10
2016.11.21 06:15:20.999,1.66123,1.66156,1.00,1.60
2016.11.21 06:15:21.050,1.66123,1.6616,1.00,2.17
2016.11.21 06:15:21.201,1.66123,1.6616,1.00,2.17
2016.11.21 06:15:21.252,1.66123,1.66156,1.00,1.30
2016.11.21 06:15:21.804,1.66123,1.66155,1.00,1.35
2016.11.21 06:15:23.708,1.66118,1.66156,1.00,1.60
2016.11.21 06:15:24.110,1.66123,1.66157,1.00,1.60
2016.11.21 06:15:24.331,1.66119,1.66156,1.00,1.35
2016.11.21 06:15:24.899,1.66119,1.66156,1.00,1.60
2016.11.21 06:15:25.000,1.66123,1.66157,1.00,1.60
2016.11.21 06:15:25.225,1.66119,1.66156,1.50,1.60
2016.11.21 06:15:25.326,1.66119,1.66156,1.50,1.60
2016.11.21 06:15:25.410,1.66119,1.66156,1.50,1.60
2016.11.21 06:15:25.661,1.66119,1.66156,1.50,1.65
2016.11.21 06:15:25.914,1.66123,1.66158,1.00,1.00
2016.11.21 06:15:26.546,1.66123,1.66159,1.00,1.35
2016.11.21 06:15:29.159,1.66124,1.6616,1.00,1.00
2016.11.21 06:15:29.210,1.66133,1.6616,1.00,1.00
2016.11.21 06:15:29.311,1.66133,1.66166,1.00,1.37
2016.11.21 06:15:29.362,1.66133,1.66167,1.00,1.00
2016.11.21 06:15:29.413,1.66138,1.66167,1.00,1.00
2016.11.21 06:15:29.970,1.66138,1.66168,1.00,1.50
2016.11.21 06:15:30.364,1.66139,1.66172,1.00,1.00
2016.11.21 06:15:30.948,1.66139,1.66171,1.00,1.00
2016.11.21 06:15:31.525,1.66138,1.66171,1.00,1.00
2016.11.21 06:15:32.801,1.66138,1.66171,1.00,1.35
2016.11.21 06:15:33.349,1.66138,1.66169,1.00,1.35
2016.11.21 06:15:34.419,1.66139,1.66168,1.00,1.00
2016.11.21 06:15:34.957,1.66139,1.6617,1.00,1.60
2016.11.21 06:15:35.124,1.66133,1.66167,1.00,1.05
2016.11.21 06:15:35.326,1.66133,1.66166,1.00,1.30
2016.11.21 06:15:35.628,1.66133,1.66166,1.00,1.60
2016.11.21 06:15:36.380,1.66133,1.66166,1.00,1.90
2016.11.21 06:15:37.029,1.66133,1.66166,1.00,1.60
2016.11.21 06:15:37.425,1.66133,1.66166,1.00,1.90
2016.11.21 06:15:38.702,1.66134,1.66166,1.00,1.90
2016.11.21 06:15:38.904,1.66128,1.66164,1.00,1.90
2016.11.21 06:15:38.955,1.66128,1.66162,1.00,1.90
2016.11.21 06:15:39.260,1.66128,1.66158,1.00,2.10
2016.11.21 06:15:39.703,1.66123,1.66158,1.00,2.10
2016.11.21 06:15:40.230,1.66123,1.66158,1.00,2.10
2016.11.21 06:15:40.769,1.66123,1.66156,1.00,1.35
2016.11.21 06:15:40.820,1.66118,1.66156,1.00,1.35
2016.11.21 06:15:41.121,1.66123,1.66156,1.00,1.42
2016.11.21 06:15:41.439,1.66123,1.66155,1.00,2.10
2016.11.21 06:15:41.799,1.66118,1.66155,1.00,2.10
2016.11.21 06:15:42.029,1.66123,1.66155,1.00,2.10
2016.11.21 06:15:42.338,1.66119,1.66156,1.50,1.80
2016.11.21 06:15:42.842,1.66123,1.66159,1.00,2.10
2016.11.21 06:15:43.366,1.66123,1.66158,1.00,1.90
2016.11.21 06:15:43.467,1.66123,1.66158,1.00,1.90
2016.11.21 06:15:44.119,1.66124,1.66156,1.00,1.60
2016.11.21 06:15:44.636,1.66123,1.66159,1.00,2.40
2016.11.21 06:15:46.646,1.66128,1.66162,1.50,1.30
2016.11.21 06:15:46.797,1.66131,1.66166,1.37,1.30
2016.11.21 06:15:46.880,1.66131,1.66166,1.00,1.00
2016.11.21 06:15:46.981,1.66133,1.66172,1.87,2.25
2016.11.21 06:15:47.182,1.66133,1.6617,1.50,1.00
2016.11.21 06:15:47.748,1.66133,1.6617,1.50,1.30
2016.11.21 06:15:48.050,1.66133,1.6617,1.50,1.90
2016.11.21 06:15:48.703,1.66133,1.66168,1.00,1.12
2016.11.21 06:15:48.754,1.66128,1.66161,1.67,1.00
2016.11.21 06:15:48.856,1.66126,1.66161,1.00,1.12
2016.11.21 06:15:48.907,1.66123,1.66159,1.00,1.00
2016.11.21 06:15:48.957,1.66129,1.66159,1.00,1.50
2016.11.21 06:15:49.230,1.66124,1.66158,1.00,1.00
2016.11.21 06:15:49.482,1.66124,1.66158,1.00,1.60
2016.11.21 06:15:49.789,1.66124,1.66158,1.00,1.90
2016.11.21 06:15:49.840,1.66118,1.66157,1.50,1.90
2016.11.21 06:15:50.092,1.66118,1.66155,1.00,1.35
2016.11.21 06:15:50.868,1.66118,1.66155,1.87,1.35
2016.11.21 06:15:51.724,1.66118,1.66155,2.17,1.05
2016.11.21 06:15:52.230,1.66118,1.66154,1.00,1.00
2016.11.21 06:15:52.739,1.66118,1.66153,1.00,1.30
2016.11.21 06:15:52.890,1.66118,1.66155,1.00,1.50
2016.11.21 06:15:52.941,1.66118,1.66155,1.00,1.80
2016.11.21 06:15:53.448,1.66118,1.66155,1.00,1.60
2016.11.21 06:15:53.905,1.66118,1.66153,1.00,1.65
2016.11.21 06:15:53.955,1.66118,1.66153,1.00,1.35
2016.11.21 06:15:54.006,1.66118,1.66153,1.00,1.65
2016.11.21 06:15:55.559,1.66113,1.66151,1.87,1.65
2016.11.21 06:15:55.660,1.66119,1.66148,1.00,1.35
2016.11.21 06:15:55.761,1.66114,1.66148,1.00,1.90
2016.11.21 06:15:55.939,1.66118,1.66145,1.00,1.60
2016.11.21 06:15:56.040,1.66113,1.66145,1.00,1.60
2016.11.21 06:15:56.670,1.66113,1.66144,1.00,1.65
2016.11.21 06:15:57.148,1.66113,1.66143,1.00,1.90
2016.11.21 06:15:57.249,1.66113,1.66143,1.00,1.60
2016.11.21 06:15:57.300,1.66113,1.66143,1.00,1.60
2016.11.21 06:15:57.683,1.66113,1.66143,1.00,1.60
2016.11.21 06:15:58.184,1.66113,1.66143,1.00,1.90
2016.11.21 06:15:58.786,1.66113,1.66143,1.00,1.60
2016.11.21 06:16:00.294,1.66113,1.66143,1.00,1.65
2016.11.21 06:16:01.790,1.66113,1.66143,1.00,1.60
2016.11.21 06:16:01.962,1.66113,1.66145,1.00,1.90
2016.11.21 06:16:04.003,1.66113,1.66145,1.00,1.90
2016.11.21 06:16:04.361,1.66118,1.66144,1.00,1.90
2016.11.21 06:16:04.631,1.66113,1.66144,1.00,1.90
2016.11.21 06:16:05.339,1.66113,1.66144,1.00,1.05
2016.11.21 06:16:06.096,1.66113,1.66146,1.00,1.35
2016.11.21 06:16:07.034,1.66119,1.66146,1.00,1.35
2016.11.21 06:16:08.524,1.66119,1.66149,1.00,1.80
2016.11.21 06:16:09.054,1.66119,1.66147,1.00,1.00
2016.11.21 06:16:09.582,1.66113,1.66147,1.00,1.00
2016.11.21 06:16:12.041,1.66113,1.66147,1.00,1.30
2016.11.21 06:16:12.206,1.66113,1.66144,1.00,1.00
2016.11.21 06:16:12.509,1.66118,1.66148,1.00,1.37
2016.11.21 06:16:12.963,1.66113,1.66146,1.00,1.37
2016.11.21 06:16:13.443,1.66118,1.66148,1.00,1.67
2016.11.21 06:16:13.965,1.66118,1.66146,1.00,1.12
2016.11.21 06:16:14.317,1.66118,1.66147,1.00,1.37
2016.11.21 06:16:14.469,1.66114,1.66146,1.00,1.37
2016.11.21 06:16:16.133,1.66114,1.66146,1.00,1.42
2016.11.21 06:16:16.455,1.66113,1.66146,1.00,1.97
2016.11.21 06:16:16.657,1.66113,1.66146,1.00,1.60
2016.11.21 06:16:17.422,1.66113,1.66146,1.00,1.90
2016.11.21 06:16:17.733,1.66113,1.66146,1.00,1.90
2016.11.21 06:16:18.292,1.66113,1.66146,1.00,1.90
2016.11.21 06:16:18.839,1.66113,1.66146,1.00,1.90
2016.11.21 06:16:18.954,1.66113,1.66146,1.00,1.90
2016.11.21 06:16:19.118,1.66113,1.66147,1.00,1.90
2016.11.21 06:16:19.169,1.66108,1.66146,1.00,2.66
2016.11.21 06:16:19.370,1.66103,1.66141,1.00,1.30
2016.11.21 06:16:19.471,1.66103,1.66139,1.00,1.00
2016.11.21 06:16:19.639,1.66103,1.66141,1.00,1.60
2016.11.21 06:16:19.976,1.66108,1.66141,1.00,1.65
2016.11.21 06:16:20.702,1.66108,1.66141,1.00,1.90
2016.11.21 06:16:21.197,1.66108,1.66141,1.00,1.90
2016.11.21 06:16:21.744,1.66108,1.66141,1.00,1.90
2016.11.21 06:16:22.280,1.66108,1.66143,1.00,1.30
2016.11.21 06:16:22.381,1.66113,1.66148,1.00,2.55
2016.11.21 06:16:22.583,1.66108,1.66147,1.12,1.87
2016.11.21 06:16:22.886,1.66113,1.66148,1.00,1.87
2016.11.21 06:16:23.390,1.66113,1.66148,1.00,1.37
2016.11.21 06:16:23.658,1.66113,1.66148,1.00,1.00
