2015.01.01 22:04:02.909,1.80757,1.81217,0.97,0.97
2015.01.01 22:04:36.949,1.80753,1.81214,0.97,0.97
2015.01.01 22:04:37.168,1.80754,1.81216,0.97,0.97
2015.01.01 22:04:38.488,1.80756,1.81215,0.97,0.97
2015.01.01 22:04:38.708,1.80756,1.81218,0.97,0.97
2015.01.01 22:04:43.438,1.80755,1.81217,0.97,0.97
2015.01.01 22:04:53.338,1.80756,1.81217,0.97,0.97
2015.01.01 22:04:55.428,1.80755,1.81217,0.97,0.97
2015.01.01 22:04:58.508,1.80756,1.81218,0.97,0.97
2015.01.01 22:04:59.608,1.80755,1.81216,0.97,0.97
2015.01.01 22:05:00.268,1.80754,1.81216,0.97,0.97
2015.01.01 22:05:00.608,1.808,1.81248,0.97,0.97
2015.01.01 22:05:00.948,1.80807,1.81255,0.97,0.97
2015.01.01 22:05:01.257,1.80821,1.81266,0.97,0.97
2015.01.01 22:05:01.368,1.80799,1.81247,0.97,0.97
2015.01.01 22:05:02.708,1.80755,1.81216,0.97,0.97
2015.01.01 22:05:03.679,1.80754,1.81214,0.97,0.97
2015.01.01 22:05:04.669,1.80753,1.81214,0.97,0.97
2015.01.01 22:05:08.200,1.80738,1.81198,0.97,0.97
2015.01.01 22:05:09.201,1.80742,1.81204,0.97,0.97
2015.01.01 22:05:09.289,1.80747,1.81208,0.97,0.97
2015.01.01 22:05:10.305,1.8075,1.81211,0.97,0.97
2015.01.01 22:05:11.208,1.80753,1.81214,0.97,0.97
2015.01.01 22:05:15.118,1.80753,1.81215,0.97,0.97
2015.01.01 22:05:16.218,1.80752,1.81213,0.97,0.97
2015.01.01 22:05:16.330,1.8075,1.81212,0.97,0.97
2015.01.01 22:05:16.989,1.80756,1.81216,0.97,0.97
2015.01.01 22:05:17.098,1.80753,1.81214,0.97,0.97
2015.01.01 22:05:18.111,1.80755,1.81215,0.97,0.97
2015.01.01 22:05:20.398,1.80756,1.81217,0.97,0.97
2015.01.01 22:05:26.779,1.80755,1.81216,0.97,0.97
2015.01.01 22:05:26.889,1.80745,1.81207,0.97,0.97
2015.01.01 22:05:27.878,1.80747,1.81209,0.97,0.97
2015.01.01 22:05:28.209,1.80746,1.81207,0.97,0.97
2015.01.01 22:05:28.868,1.80755,1.81214,0.97,0.97
2015.01.01 22:05:29.447,1.80755,1.81215,0.97,0.97
2015.01.01 22:05:30.408,1.80756,1.81216,0.97,0.97
2015.01.01 22:05:31.948,1.80755,1.81214,0.97,0.97
2015.01.01 22:05:32.498,1.80753,1.81215,0.97,0.97
2015.01.01 22:05:33.488,1.80755,1.81214,0.97,0.97
2015.01.01 22:05:41.408,1.80753,1.81215,0.97,0.97
2015.01.01 22:05:42.178,1.8075,1.81209,0.97,0.97
2015.01.01 22:05:43.278,1.80747,1.81209,0.97,0.97
2015.01.01 22:05:44.268,1.80749,1.8121,0.97,0.97
2015.01.01 22:05:45.258,1.8075,1.81212,0.97,0.97
2015.01.01 22:05:46.358,1.80753,1.81215,0.97,0.97
2015.01.01 22:05:52.518,1.80752,1.81213,0.97,1.30
2015.01.01 22:05:54.498,1.80754,1.81214,0.97,1.30
2015.01.01 22:05:55.488,1.80754,1.81215,0.97,1.30
2015.01.01 22:05:57.688,1.80753,1.81213,0.97,1.30
2015.01.01 22:05:58.612,1.80753,1.81215,0.97,1.30
2015.01.01 22:05:58.678,1.8075,1.81212,0.97,1.30
2015.01.01 22:05:59.557,1.80749,1.81211,0.97,1.30
2015.01.01 22:06:00.549,1.8075,1.81212,0.97,1.30
2015.01.01 22:06:02.115,1.80752,1.81213,0.97,1.30
2015.01.01 22:06:03.084,1.80746,1.81208,0.97,1.30
2015.01.01 22:06:03.818,1.80747,1.81208,0.97,1.30
2015.01.01 22:06:04.068,1.80749,1.81211,0.97,1.30
2015.01.01 22:06:04.978,1.80742,1.81204,0.97,1.30
2015.01.01 22:06:05.607,1.80741,1.81203,0.97,1.30
2015.01.01 22:06:05.938,1.80748,1.8121,0.97,1.30
2015.01.01 22:06:06.507,1.80747,1.81208,0.97,1.30
2015.01.01 22:06:06.928,1.80742,1.81204,0.97,1.30
2015.01.01 22:06:07.157,1.80745,1.81207,0.97,1.30
2015.01.01 22:06:08.908,1.8075,1.81212,0.97,1.30
2015.01.01 22:06:09.238,1.80757,1.81217,0.97,1.30
2015.01.01 22:06:10.338,1.80758,1.81219,0.97,1.30
2015.01.01 22:06:11.328,1.80756,1.81218,0.97,1.30
2015.01.01 22:06:13.418,1.8076,1.81221,0.97,1.30
2015.01.01 22:06:17.267,1.80761,1.81222,0.97,1.30
2015.01.01 22:06:17.748,1.80752,1.81212,0.97,1.30
2015.01.01 22:06:18.415,1.80751,1.81212,0.97,1.30
2015.01.01 22:06:20.677,1.80754,1.81213,0.97,1.30
2015.01.01 22:06:21.667,1.80759,1.81219,0.97,1.30
2015.01.01 22:06:22.107,1.8076,1.81222,0.97,1.30
2015.01.01 22:06:24.747,1.80757,1.81219,0.97,1.30
2015.01.01 22:06:25.738,1.8076,1.81221,0.97,1.30
2015.01.01 22:06:26.083,1.80757,1.81218,0.97,1.30
2015.01.01 22:06:28.618,1.80758,1.81219,0.97,1.30
2015.01.01 22:06:30.607,1.8076,1.8122,0.97,1.30
2015.01.01 22:06:32.374,1.80758,1.81217,0.97,1.30
2015.01.01 22:06:33.377,1.80761,1.81223,0.97,1.30
2015.01.01 22:06:36.786,1.80755,1.81216,0.97,1.30
2015.01.01 22:06:38.717,1.80753,1.81215,0.97,1.30
2015.01.01 22:06:38.850,1.80759,1.8122,0.97,1.30
2015.01.01 22:06:39.157,1.80761,1.81222,0.97,1.30
2015.01.01 22:06:39.707,1.80762,1.81222,0.97,1.30
2015.01.01 22:06:40.147,1.80762,1.81224,0.97,1.30
2015.01.01 22:06:40.807,1.80761,1.81222,0.97,1.30
2015.01.01 22:06:42.787,1.80761,1.81221,0.97,1.30
2015.01.01 22:06:43.777,1.80761,1.81222,0.97,1.30
2015.01.01 22:06:46.967,1.80758,1.8122,0.97,1.30
2015.01.01 22:06:47.320,1.80761,1.8122,0.97,1.30
2015.01.01 22:06:48.287,1.80762,1.81221,0.97,1.30
2015.01.01 22:06:48.529,1.80762,1.81223,0.97,1.30
2015.01.01 22:06:52.907,1.80761,1.81222,0.97,1.30
2015.01.01 22:06:56.015,1.80716,1.81177,1.30,0.97
2015.01.01 22:06:56.317,1.80708,1.81169,1.30,0.97
2015.01.01 22:06:56.468,1.807,1.81162,1.30,1.30
2015.01.01 22:06:56.518,1.807,1.81162,1.30,1.67
2015.01.01 22:06:57.032,1.80704,1.81163,1.30,1.67
2015.01.01 22:06:57.685,1.80677,1.81131,1.29,1.30
2015.01.01 22:07:04.718,1.80672,1.81131,1.27,1.30
2015.01.01 22:07:06.826,1.8067,1.81131,2.12,1.30
2015.01.01 22:07:12.857,1.80666,1.81128,2.12,1.30
2015.01.01 22:07:13.449,1.8067,1.81129,2.12,1.30
2015.01.01 22:07:15.236,1.8067,1.81131,2.12,1.30
2015.01.01 22:07:16.006,1.80671,1.81133,1.80,1.30
2015.01.01 22:07:17.330,1.80671,1.81133,1.82,1.30
2015.01.01 22:07:17.926,1.80677,1.81129,1.82,1.30
2015.01.01 22:07:18.439,1.80685,1.81128,1.07,1.30
2015.01.01 22:07:21.005,1.80685,1.8113,1.07,1.30
2015.01.01 22:07:22.056,1.80685,1.81131,1.07,1.30
2015.01.01 22:07:22.386,1.80685,1.81129,1.07,1.30
2015.01.01 22:07:24.145,1.80706,1.81129,1.02,1.30
2015.01.01 22:07:24.195,1.80706,1.81131,1.02,1.30
2015.01.01 22:07:26.065,1.8068,1.8113,1.30,1.30
2015.01.01 22:07:26.456,1.80677,1.81129,1.30,1.30
2015.01.01 22:07:26.956,1.80677,1.81129,1.82,1.30
2015.01.01 22:07:30.306,1.80679,1.81131,1.82,1.30
2015.01.01 22:07:31.406,1.80679,1.8113,1.82,1.30
2015.01.01 22:07:32.106,1.80679,1.81131,1.82,1.30
2015.01.01 22:07:32.810,1.80679,1.81131,1.30,1.82
2015.01.01 22:07:33.112,1.8068,1.81131,1.40,1.30
2015.01.01 22:07:34.279,1.80679,1.81131,1.82,1.30
2015.01.01 22:07:34.596,1.80682,1.81135,1.82,1.30
2015.01.01 22:07:35.123,1.80694,1.81135,1.10,1.30
2015.01.01 22:07:37.088,1.80735,1.81135,1.58,1.30
2015.01.01 22:07:38.886,1.80735,1.81136,1.58,1.30
2015.01.01 22:07:42.331,1.80852,1.81038,0.75,1.00
2015.01.01 22:07:43.248,1.80847,1.81032,0.75,1.00
2015.01.01 22:07:44.141,1.80848,1.81031,0.75,1.00
2015.01.01 22:07:44.619,1.80851,1.81034,0.75,1.00
2015.01.01 22:07:44.746,1.80852,1.81036,0.75,1.00
2015.01.01 22:07:46.068,1.80851,1.81037,0.75,1.00
2015.01.01 22:07:46.758,1.80852,1.81036,0.75,1.00
2015.01.01 22:07:48.465,1.80853,1.81039,0.75,1.00
2015.01.01 22:07:50.779,1.80854,1.81038,0.75,1.00
2015.01.01 22:07:50.880,1.80859,1.81042,0.75,1.00
2015.01.01 22:07:50.980,1.80855,1.8104,0.75,1.00
2015.01.01 22:07:53.040,1.80856,1.81039,0.75,1.00
2015.01.01 22:07:55.005,1.80855,1.8104,0.75,1.00
2015.01.01 22:07:57.030,1.80856,1.81039,0.75,1.00
2015.01.01 22:07:58.041,1.80843,1.8105,0.75,1.12
2015.01.01 22:07:58.142,1.80833,1.8106,0.75,1.12
2015.01.01 22:08:00.756,1.80837,1.81064,0.75,1.12
2015.01.01 22:08:00.844,1.80834,1.81061,0.75,1.12
2015.01.01 22:08:01.349,1.80835,1.8106,0.75,1.12
2015.01.01 22:08:02.056,1.80834,1.81057,0.75,1.12
2015.01.01 22:08:02.157,1.80828,1.81063,1.00,1.12
2015.01.01 22:08:08.092,1.80827,1.81064,0.75,1.12
2015.01.01 22:08:10.105,1.80835,1.81057,0.75,1.12
2015.01.01 22:08:10.235,1.80828,1.81063,1.00,1.12
2015.01.01 22:08:10.756,1.80827,1.81064,1.00,1.12
2015.01.01 22:08:12.243,1.80828,1.81063,1.00,1.12
2015.01.01 22:08:14.294,1.80827,1.81064,1.00,1.12
2015.01.01 22:08:14.798,1.80825,1.81061,1.00,1.12
2015.01.01 22:08:14.899,1.80827,1.81065,1.00,1.12
2015.01.01 22:08:16.354,1.80815,1.81077,1.00,1.37
2015.01.01 22:08:16.411,1.80823,1.81069,1.00,1.37
2015.01.01 22:08:18.429,1.80824,1.81068,1.00,1.37
2015.01.01 22:08:18.630,1.8076,1.81051,1.56,0.37
2015.01.01 22:08:19.685,1.80835,1.81057,0.75,1.12
2015.01.01 22:08:19.739,1.80826,1.81066,1.00,1.12
2015.01.01 22:08:20.341,1.80825,1.81082,1.00,1.37
2015.01.01 22:08:21.175,1.80821,1.81078,0.75,1.37
2015.01.01 22:08:21.249,1.80819,1.81076,0.75,1.37
2015.01.01 22:08:22.115,1.8082,1.81075,0.75,1.37
2015.01.01 22:08:22.392,1.8081,1.81085,1.00,1.37
2015.01.01 22:08:22.495,1.80823,1.81078,0.75,1.37
2015.01.01 22:08:23.136,1.80822,1.81079,1.00,1.37
2015.01.01 22:08:24.397,1.80823,1.81078,1.00,1.37
2015.01.01 22:08:24.951,1.80822,1.81079,1.00,1.37
2015.01.01 22:08:25.999,1.80816,1.81073,1.00,1.37
2015.01.01 22:08:26.100,1.80819,1.81066,1.00,1.12
2015.01.01 22:08:26.484,1.80822,1.81063,1.00,1.12
2015.01.01 22:08:29.505,1.80824,1.81065,1.00,1.12
2015.01.01 22:08:30.206,1.80825,1.81064,1.00,1.12
2015.01.01 22:08:31.012,1.80823,1.81062,1.00,1.12
2015.01.01 22:08:31.565,1.80826,1.81065,1.00,1.12
2015.01.01 22:08:31.766,1.80823,1.81076,1.00,1.37
2015.01.01 22:08:31.818,1.80827,1.81073,1.00,1.37
2015.01.01 22:08:32.020,1.80825,1.8107,1.00,1.12
2015.01.01 22:08:34.063,1.80824,1.81071,1.00,1.37
2015.01.01 22:08:36.795,1.8083,1.81074,0.75,1.37
2015.01.01 22:08:36.998,1.80825,1.81071,1.00,1.37
2015.01.01 22:08:37.679,1.80826,1.8107,1.00,1.37
2015.01.01 22:08:37.780,1.80824,1.81068,0.75,1.37
2015.01.01 22:08:38.005,1.8082,1.81067,0.75,1.12
2015.01.01 22:08:38.058,1.80818,1.81085,0.75,1.37
2015.01.01 22:08:38.159,1.80825,1.81078,0.75,1.37
2015.01.01 22:08:39.103,1.80824,1.81079,0.75,1.37
2015.01.01 22:08:39.366,1.80813,1.8109,1.00,1.37
2015.01.01 22:08:39.467,1.80824,1.81079,0.75,1.37
2015.01.01 22:08:43.615,1.80821,1.81074,0.75,1.37
2015.01.01 22:08:43.715,1.80799,1.81095,1.00,1.37
2015.01.01 22:08:47.710,1.808,1.81094,1.00,1.37
2015.01.01 22:08:48.917,1.80799,1.81095,1.00,1.37
2015.01.01 22:08:50.022,1.80785,1.81047,1.00,0.37
2015.01.01 22:08:51.145,1.80794,1.811,1.00,1.37
2015.01.01 22:08:51.245,1.80791,1.81096,1.00,1.37
2015.01.01 22:08:51.346,1.80759,1.81047,1.00,0.37
2015.01.01 22:08:51.446,1.80792,1.81096,1.00,1.37
2015.01.01 22:08:51.647,1.80724,1.81048,1.35,0.37
2015.01.01 22:08:53.747,1.8082,1.81061,0.75,1.37
2015.01.01 22:08:54.784,1.80822,1.81063,0.75,1.37
2015.01.01 22:08:55.266,1.80822,1.81063,0.75,1.37
2015.01.01 22:08:55.825,1.80823,1.81064,0.75,1.12
2015.01.01 22:08:56.308,1.80825,1.81066,0.75,1.37
2015.01.01 22:08:57.693,1.80804,1.81096,1.00,1.37
2015.01.01 22:08:57.743,1.80826,1.81074,0.75,1.37
2015.01.01 22:08:59.156,1.80829,1.81077,0.75,1.37
2015.01.01 22:08:59.228,1.80826,1.81075,0.75,1.37
2015.01.01 22:09:01.943,1.80811,1.8109,1.00,1.37
2015.01.01 22:09:02.044,1.80827,1.81074,0.75,1.37
2015.01.01 22:09:04.070,1.80828,1.81074,0.75,1.37
2015.01.01 22:09:04.814,1.80827,1.81075,0.75,1.37
2015.01.01 22:09:05.433,1.80828,1.81074,0.75,1.37
2015.01.01 22:09:05.568,1.80822,1.8107,0.75,1.37
2015.01.01 22:09:05.669,1.80827,1.81075,0.75,1.37
2015.01.01 22:09:10.193,1.80825,1.81071,0.75,1.37
2015.01.01 22:09:11.146,1.80824,1.81072,0.75,1.37
2015.01.01 22:09:12.152,1.8082,1.81068,0.75,1.37
2015.01.01 22:09:12.253,1.80823,1.81071,0.75,1.37
2015.01.01 22:09:16.226,1.80823,1.81071,0.75,1.37
2015.01.01 22:09:18.376,1.80825,1.81073,0.75,1.37
2015.01.01 22:09:18.437,1.80823,1.81073,0.75,1.37
2015.01.01 22:09:20.370,1.80824,1.81071,0.75,1.37
2015.01.01 22:09:20.894,1.80823,1.81072,0.75,1.37
2015.01.01 22:09:21.353,1.80823,1.81072,0.75,1.37
2015.01.01 22:09:22.182,1.80824,1.81071,0.75,1.37
2015.01.01 22:09:22.283,1.80822,1.81068,0.75,1.37
2015.01.01 22:09:22.383,1.80818,1.81066,0.75,1.37
2015.01.01 22:09:23.465,1.8082,1.81068,0.75,1.37
2015.01.01 22:09:24.070,1.80821,1.81067,0.75,1.37
2015.01.01 22:09:25.486,1.80819,1.81067,0.75,1.37
2015.01.01 22:09:26.201,1.80821,1.81069,0.75,1.37
2015.01.01 22:09:27.486,1.80812,1.81074,0.75,1.37
2015.01.01 22:09:27.614,1.80808,1.81078,0.75,1.37
2015.01.01 22:09:27.791,1.80819,1.81067,0.75,1.37
2015.01.01 22:09:28.396,1.80725,1.81046,2.10,0.37
2015.01.01 22:09:28.824,1.80817,1.81072,0.75,1.37
2015.01.01 22:09:29.285,1.80826,1.81066,0.75,1.37
2015.01.01 22:09:34.932,1.80823,1.81069,0.75,1.37
2015.01.01 22:09:36.640,1.80824,1.81068,0.75,1.37
2015.01.01 22:09:36.743,1.80823,1.81069,0.75,1.37
2015.01.01 22:09:39.005,1.80751,1.8105,1.81,0.37
2015.01.01 22:09:40.995,1.80823,1.81069,1.00,1.37
2015.01.01 22:09:41.303,1.80825,1.81071,1.00,1.37
2015.01.01 22:09:42.334,1.80824,1.8107,1.00,1.37
2015.01.01 22:09:43.050,1.80823,1.8107,1.00,1.37
2015.01.01 22:09:45.044,1.80824,1.81069,1.00,1.37
2015.01.01 22:09:46.272,1.80823,1.8107,1.00,1.37
2015.01.01 22:09:46.373,1.80821,1.81068,1.00,1.37
2015.01.01 22:09:46.499,1.80829,1.8106,1.00,1.12
2015.01.01 22:09:46.656,1.80821,1.81068,1.00,1.37
2015.01.01 22:09:50.580,1.80823,1.81067,1.00,1.37
2015.01.01 22:09:51.184,1.80822,1.8107,1.00,1.37
2015.01.01 22:09:51.487,1.80822,1.81068,1.00,1.37
2015.01.01 22:09:52.333,1.80823,1.81067,1.00,1.37
2015.01.01 22:09:52.998,1.80822,1.81068,1.00,1.37
2015.01.01 22:09:53.354,1.80819,1.81066,1.00,1.37
2015.01.01 22:09:53.405,1.80826,1.8106,1.00,1.12
2015.01.01 22:09:53.606,1.80821,1.81064,1.00,1.37
2015.01.01 22:09:57.529,1.80822,1.81063,1.00,1.37
2015.01.01 22:09:59.170,1.80829,1.81056,0.75,1.12
2015.01.01 22:09:59.331,1.80819,1.81066,0.75,1.37
2015.01.01 22:09:59.674,1.80823,1.81069,0.75,1.37
2015.01.01 22:09:59.875,1.80731,1.81044,1.69,0.37
2015.01.01 22:10:00.156,1.80731,1.81036,1.32,0.37
2015.01.01 22:10:00.541,1.80818,1.81063,0.75,1.37
2015.01.01 22:10:01.344,1.80817,1.81064,0.75,1.37
2015.01.01 22:10:02.182,1.80817,1.81064,0.75,1.37
2015.01.01 22:10:03.000,1.80818,1.81063,0.75,1.37
2015.01.01 22:10:04.685,1.80813,1.81059,0.75,1.12
2015.01.01 22:10:04.786,1.80816,1.81053,0.75,1.12
2015.01.01 22:10:05.168,1.80808,1.81061,0.75,1.12
2015.01.01 22:10:05.271,1.80818,1.81058,0.75,1.12
2015.01.01 22:10:05.584,1.80821,1.81059,0.75,1.12
2015.01.01 22:10:06.278,1.8082,1.8106,0.75,1.12
2015.01.01 22:10:07.395,1.80821,1.81059,0.75,1.12
2015.01.01 22:10:10.328,1.8082,1.8106,0.75,1.12
2015.01.01 22:10:10.685,1.80824,1.81066,0.75,1.37
2015.01.01 22:10:10.740,1.80821,1.81064,0.75,1.37
2015.01.01 22:10:12.715,1.80822,1.81063,0.75,1.37
2015.01.01 22:10:13.264,1.80821,1.81064,0.75,1.37
2015.01.01 22:10:13.318,1.80823,1.81066,0.75,1.37
2015.01.01 22:10:13.720,1.80821,1.81064,0.75,1.37
2015.01.01 22:10:14.625,1.80823,1.81066,0.75,1.37
2015.01.01 22:10:15.329,1.80824,1.81065,0.75,1.37
2015.01.01 22:10:15.834,1.80821,1.81064,0.75,1.12
2015.01.01 22:10:15.935,1.8081,1.81066,1.00,1.37
2015.01.01 22:10:16.056,1.80821,1.81062,0.75,1.12
2015.01.01 22:10:17.060,1.8082,1.81063,0.75,1.12
2015.01.01 22:10:18.053,1.80823,1.81066,0.75,1.37
2015.01.01 22:10:18.579,1.80824,1.81065,0.75,1.37
2015.01.01 22:10:19.557,1.80823,1.81066,0.75,1.37
2015.01.01 22:10:19.961,1.80825,1.81068,0.75,1.37
2015.01.01 22:10:20.766,1.80827,1.8107,0.75,1.37
2015.01.01 22:10:24.189,1.80825,1.81067,0.75,1.37
2015.01.01 22:10:30.264,1.80827,1.8107,0.75,1.37
2015.01.01 22:10:31.107,1.8082,1.81067,0.75,1.37
2015.01.01 22:10:31.171,1.80825,1.81071,0.75,1.37
2015.01.01 22:10:31.473,1.80825,1.81042,1.00,1.00
2015.01.01 22:10:35.394,1.80826,1.81042,1.00,1.00
2015.01.01 22:10:35.596,1.80823,1.81042,1.00,1.00
2015.01.01 22:10:37.620,1.80824,1.81042,1.00,1.00
2015.01.01 22:10:38.314,1.80823,1.81042,1.00,1.00
2015.01.01 22:10:43.183,1.80824,1.81042,1.00,1.00
2015.01.01 22:10:43.242,1.8082,1.81042,1.00,1.00
2015.01.01 22:10:44.250,1.80812,1.81042,1.00,1.00
2015.01.01 22:10:44.351,1.80821,1.81042,1.00,1.00
2015.01.01 22:10:46.670,1.80831,1.81042,1.00,1.00
2015.01.01 22:10:46.872,1.80811,1.81028,1.00,1.00
2015.01.01 22:10:46.972,1.80805,1.81028,1.00,1.00
2015.01.01 22:10:47.023,1.80805,1.8105,1.00,1.37
2015.01.01 22:10:47.166,1.80802,1.8105,1.00,1.37
2015.01.01 22:10:49.077,1.80803,1.8105,1.00,1.37
2015.01.01 22:10:49.983,1.80802,1.8105,1.00,1.37
2015.01.01 22:10:51.412,1.80792,1.8105,1.00,1.37
2015.01.01 22:10:52.266,1.80791,1.8105,1.00,1.37
2015.01.01 22:10:53.711,1.80799,1.8105,1.00,1.37
2015.01.01 22:10:54.414,1.80797,1.8105,1.00,1.37
2015.01.01 22:10:55.419,1.80798,1.8105,1.00,1.37
2015.01.01 22:10:55.943,1.80797,1.8105,1.00,1.37
2015.01.01 22:10:57.429,1.80799,1.8105,1.00,1.37
2015.01.01 22:10:58.004,1.808,1.8105,1.00,1.37
2015.01.01 22:10:58.535,1.80803,1.8105,1.00,1.37
2015.01.01 22:11:00.564,1.80802,1.8105,1.00,1.37
2015.01.01 22:11:00.648,1.80792,1.8105,1.00,1.37
2015.01.01 22:11:00.749,1.80802,1.8105,1.00,1.37
2015.01.01 22:11:01.958,1.80803,1.8105,1.00,1.37
2015.01.01 22:11:02.761,1.80801,1.8105,1.00,1.37
2015.01.01 22:11:03.466,1.80804,1.8105,1.00,1.37
2015.01.01 22:11:04.572,1.80801,1.8105,1.00,1.37
2015.01.01 22:11:05.450,1.80802,1.8105,1.00,1.37
2015.01.01 22:11:06.103,1.80801,1.8105,1.00,1.37
2015.01.01 22:11:06.685,1.80792,1.8105,1.00,1.37
2015.01.01 22:11:07.089,1.80794,1.8105,1.00,1.37
2015.01.01 22:11:07.603,1.80793,1.8105,1.00,1.37
2015.01.01 22:11:07.993,1.80803,1.8105,1.00,1.37
2015.01.01 22:11:08.333,1.8079,1.81029,1.00,1.00
2015.01.01 22:11:09.706,1.80806,1.81029,1.00,1.00
2015.01.01 22:11:10.213,1.80805,1.81029,1.00,1.00
2015.01.01 22:11:10.515,1.80808,1.81029,1.00,1.00
2015.01.01 22:11:11.113,1.80809,1.81029,1.00,1.00
2015.01.01 22:11:11.671,1.80808,1.81029,1.00,1.00
2015.01.01 22:11:12.012,1.80809,1.81015,1.00,1.00
2015.01.01 22:11:12.666,1.80811,1.81015,1.00,1.00
2015.01.01 22:11:13.804,1.80802,1.81015,1.00,1.00
2015.01.01 22:11:13.872,1.80812,1.81015,1.00,1.00
2015.01.01 22:11:14.344,1.80812,1.81036,1.00,1.00
2015.01.01 22:11:14.831,1.80807,1.81036,1.00,1.00
2015.01.01 22:11:14.978,1.80796,1.81036,1.00,1.00
2015.01.01 22:11:15.179,1.80805,1.81036,1.00,1.00
2015.01.01 22:11:17.033,1.80806,1.81036,1.00,1.00
2015.01.01 22:11:20.046,1.80799,1.81036,1.00,1.00
2015.01.01 22:11:20.247,1.80809,1.81023,1.00,1.00
2015.01.01 22:11:20.823,1.80808,1.81023,1.00,1.00
2015.01.01 22:11:21.503,1.80809,1.81023,1.00,1.00
2015.01.01 22:11:22.123,1.80815,1.81023,1.00,1.00
2015.01.01 22:11:23.736,1.80816,1.81023,1.00,1.00
2015.01.01 22:11:23.987,1.80809,1.81023,1.00,1.00
2015.01.01 22:11:26.649,1.80808,1.81023,1.00,1.00
2015.01.01 22:11:26.892,1.80797,1.81023,1.00,1.00
2015.01.01 22:11:26.953,1.80805,1.81023,1.00,1.00
2015.01.01 22:11:27.555,1.80806,1.81023,1.00,1.00
2015.01.01 22:11:29.467,1.80805,1.81023,1.00,1.00
2015.01.01 22:11:30.977,1.80806,1.81023,1.00,1.00
2015.01.01 22:11:31.281,1.80796,1.81023,1.00,1.00
2015.01.01 22:11:32.239,1.80779,1.81023,1.00,1.00
2015.01.01 22:11:32.290,1.80811,1.81023,1.00,1.00
2015.01.01 22:11:33.197,1.80813,1.81023,1.00,1.00
2015.01.01 22:11:33.347,1.8081,1.81023,1.00,1.00
2015.01.01 22:11:34.999,1.80809,1.81023,1.00,1.00
2015.01.01 22:11:35.344,1.80811,1.81023,1.00,1.00
2015.01.01 22:11:35.880,1.8081,1.81023,1.00,1.00
2015.01.01 22:11:35.930,1.80779,1.81023,1.00,1.00
2015.01.01 22:11:37.623,1.80793,1.81033,1.00,1.00
2015.01.01 22:11:38.008,1.80814,1.81033,1.00,1.00
2015.01.01 22:11:38.585,1.80813,1.81033,1.00,1.00
2015.01.01 22:11:38.743,1.8081,1.81033,1.00,1.00
2015.01.01 22:11:39.244,1.80809,1.81033,1.00,1.00
2015.01.01 22:11:40.002,1.8081,1.81033,1.00,1.00
2015.01.01 22:11:42.192,1.80806,1.81033,1.00,1.00
2015.01.01 22:11:42.243,1.80806,1.81016,1.00,1.00
2015.01.01 22:11:42.670,1.80816,1.81016,1.00,1.00
2015.01.01 22:11:43.173,1.80815,1.81016,1.00,1.00
2015.01.01 22:11:43.577,1.80812,1.81016,1.00,1.00
2015.01.01 22:11:45.689,1.80809,1.81016,1.00,1.00
2015.01.01 22:11:46.210,1.80809,1.81034,1.00,1.00
2015.01.01 22:11:47.752,1.80812,1.81034,1.00,1.00
2015.01.01 22:11:48.842,1.80817,1.81011,1.00,1.00
2015.01.01 22:11:49.171,1.80822,1.81011,1.00,1.00
2015.01.01 22:11:49.924,1.80825,1.81011,1.00,1.00
2015.01.01 22:11:50.025,1.80818,1.81011,1.00,1.00
2015.01.01 22:11:50.303,1.80783,1.81011,1.00,1.00
2015.01.01 22:11:52.177,1.8081,1.81035,1.00,1.00
2015.01.01 22:11:54.181,1.80813,1.81035,1.00,1.00
2015.01.01 22:11:56.245,1.80806,1.81035,1.00,1.00
2015.01.01 22:11:56.346,1.80786,1.81035,1.00,1.00
2015.01.01 22:11:56.533,1.80801,1.81035,1.00,1.00
2015.01.01 22:11:56.834,1.80786,1.81035,1.00,1.00
2015.01.01 22:11:58.726,1.80811,1.81035,1.00,1.00
2015.01.01 22:12:00.544,1.80818,1.81035,1.00,1.00
2015.01.01 22:12:01.043,1.80817,1.81025,1.00,1.00
2015.01.01 22:12:01.144,1.80815,1.81025,1.00,1.00
2015.01.01 22:12:01.773,1.8081,1.81025,1.00,1.00
2015.01.01 22:12:01.873,1.80817,1.81025,1.00,1.00
2015.01.01 22:12:03.153,1.80813,1.81025,1.00,1.00
2015.01.01 22:12:05.249,1.80814,1.81025,1.00,1.00
2015.01.01 22:12:06.056,1.80812,1.81025,1.00,1.00
2015.01.01 22:12:06.962,1.80813,1.81025,1.00,1.00
2015.01.01 22:12:07.164,1.80807,1.81025,1.00,1.00
2015.01.01 22:12:07.265,1.80813,1.81025,1.00,1.00
2015.01.01 22:12:09.438,1.80806,1.81025,1.00,1.00
2015.01.01 22:12:09.539,1.80817,1.81017,1.00,1.00
2015.01.01 22:12:10.109,1.8082,1.81017,1.00,1.00
2015.01.01 22:12:12.109,1.80821,1.81017,1.00,1.00
2015.01.01 22:12:13.418,1.80822,1.81017,1.00,1.00
2015.01.01 22:12:13.744,1.80818,1.81026,1.00,1.00
2015.01.01 22:12:15.535,1.80818,1.81026,1.00,1.67
2015.01.01 22:12:16.243,1.80817,1.81026,1.00,1.42
2015.01.01 22:12:16.785,1.80811,1.81026,1.00,1.42
2015.01.01 22:12:16.843,1.80823,1.81026,1.00,1.67
2015.01.01 22:12:17.272,1.80826,1.81026,1.00,1.67
2015.01.01 22:12:17.543,1.80818,1.81025,1.00,1.00
2015.01.01 22:12:17.955,1.80816,1.81025,1.00,1.00
2015.01.01 22:12:18.060,1.80814,1.81025,1.00,1.42
2015.01.01 22:12:18.587,1.80813,1.81025,1.00,1.00
2015.01.01 22:12:18.760,1.80815,1.81025,1.00,1.00
2015.01.01 22:12:19.263,1.80819,1.81025,1.00,1.00
2015.01.01 22:12:20.372,1.80813,1.81025,1.00,1.00
2015.01.01 22:12:20.993,1.80814,1.81025,1.00,1.42
2015.01.01 22:12:21.224,1.8081,1.81025,1.00,1.00
2015.01.01 22:12:21.495,1.80795,1.81025,1.00,1.42
2015.01.01 22:12:22.261,1.80813,1.81025,1.00,1.00
2015.01.01 22:12:23.471,1.80814,1.81025,1.00,1.00
2015.01.01 22:12:24.042,1.80815,1.81025,1.00,1.42
2015.01.01 22:12:24.522,1.80812,1.81025,1.00,1.00
2015.01.01 22:12:25.446,1.80813,1.81025,1.00,1.42
2015.01.01 22:12:27.402,1.80812,1.81025,1.00,1.00
2015.01.01 22:12:28.007,1.80809,1.81025,1.00,1.42
2015.01.01 22:12:28.409,1.80813,1.81025,1.00,1.42
2015.01.01 22:12:28.938,1.80812,1.81025,1.00,1.00
2015.01.01 22:12:30.421,1.80813,1.81025,1.00,1.00
2015.01.01 22:12:30.724,1.80823,1.81008,1.00,1.00
2015.01.01 22:12:30.863,1.80815,1.81008,1.00,1.00
2015.01.01 22:12:31.642,1.80814,1.81008,1.00,1.00
2015.01.01 22:12:32.311,1.80815,1.81008,1.00,1.00
2015.01.01 22:12:32.937,1.80814,1.81008,1.00,1.00
2015.01.01 22:12:33.212,1.80814,1.81028,1.00,1.67
2015.01.01 22:12:33.263,1.80808,1.81028,1.00,1.67
2015.01.01 22:12:33.341,1.80815,1.81028,1.00,1.67
2015.01.01 22:12:35.262,1.80815,1.81017,1.00,1.00
2015.01.01 22:12:35.497,1.80807,1.81032,1.00,1.67
2015.01.01 22:12:35.863,1.80812,1.81032,1.00,1.67
2015.01.01 22:12:37.866,1.80814,1.81032,1.00,1.67
2015.01.01 22:12:38.586,1.80813,1.81032,1.00,1.67
2015.01.01 22:12:39.778,1.80811,1.81032,1.00,1.67
2015.01.01 22:12:40.486,1.80813,1.81032,1.00,1.67
2015.01.01 22:12:40.586,1.80793,1.81032,1.00,1.67
2015.01.01 22:12:41.091,1.80793,1.81032,1.00,1.67
2015.01.01 22:12:41.393,1.80793,1.81032,1.00,1.00
2015.01.01 22:12:41.593,1.80807,1.81032,1.00,1.00
2015.01.01 22:12:42.903,1.80806,1.81032,1.00,1.00
2015.01.01 22:12:43.507,1.80807,1.81032,1.00,1.00
2015.01.01 22:12:44.917,1.80808,1.81032,1.00,1.00
2015.01.01 22:12:45.549,1.80807,1.81032,1.00,1.00
2015.01.01 22:12:45.926,1.80815,1.81032,1.00,1.00
2015.01.01 22:12:46.127,1.80808,1.81032,1.00,1.00
2015.01.01 22:12:46.684,1.80807,1.81032,1.00,1.00
2015.01.01 22:12:46.933,1.80809,1.81032,1.00,1.00
2015.01.01 22:12:47.535,1.80812,1.81032,1.00,1.00
2015.01.01 22:12:48.140,1.80817,1.81032,1.00,1.00
2015.01.01 22:12:48.251,1.80815,1.81032,1.00,1.00
2015.01.01 22:12:48.743,1.80818,1.81032,1.00,1.00
2015.01.01 22:12:50.755,1.80817,1.81032,1.00,1.00
2015.01.01 22:12:50.958,1.80815,1.81032,1.00,1.00
2015.01.01 22:12:51.583,1.80825,1.81032,1.00,1.00
2015.01.01 22:12:51.684,1.80811,1.81032,1.00,1.00
2015.01.01 22:12:52.270,1.80808,1.81032,1.00,1.00
2015.01.01 22:12:53.482,1.8081,1.81032,1.00,1.00
2015.01.01 22:12:53.999,1.80808,1.81032,1.00,1.00
2015.01.01 22:12:54.100,1.80806,1.81032,1.00,1.00
2015.01.01 22:12:55.019,1.80807,1.81032,1.00,1.00
2015.01.01 22:12:56.101,1.80806,1.81032,1.00,1.00
2015.01.01 22:12:56.503,1.80806,1.81032,1.00,1.67
2015.01.01 22:12:56.807,1.80825,1.81013,1.00,1.00
2015.01.01 22:12:56.980,1.8081,1.81013,1.00,1.00
2015.01.01 22:12:57.032,1.80792,1.81037,1.00,1.67
2015.01.01 22:12:57.132,1.80808,1.81037,1.00,1.67
2015.01.01 22:12:58.449,1.80809,1.81037,1.00,1.67
2015.01.01 22:12:58.953,1.80808,1.81037,1.00,1.67
2015.01.01 22:13:00.062,1.80809,1.81037,1.00,1.00
2015.01.01 22:13:00.163,1.80804,1.81037,1.00,1.00
2015.01.01 22:13:00.263,1.8081,1.81037,1.00,1.00
2015.01.01 22:13:00.872,1.80811,1.81037,1.00,1.00
2015.01.01 22:13:02.222,1.8081,1.81037,1.00,1.00
2015.01.01 22:13:03.184,1.80813,1.81037,1.00,1.00
2015.01.01 22:13:04.112,1.80814,1.81037,1.00,1.00
2015.01.01 22:13:04.893,1.80813,1.81037,1.00,1.00
2015.01.01 22:13:05.301,1.80808,1.81037,1.00,1.00
2015.01.01 22:13:05.402,1.80814,1.81037,1.00,1.00
2015.01.01 22:13:07.009,1.80813,1.81037,1.00,1.00
2015.01.01 22:13:09.423,1.80814,1.81037,1.00,1.00
2015.01.01 22:13:09.524,1.80811,1.81037,1.00,1.00
2015.01.01 22:13:13.245,1.80814,1.81037,1.00,1.00
2015.01.01 22:13:13.857,1.80832,1.81035,1.00,1.67
2015.01.01 22:13:13.959,1.80812,1.81034,1.00,1.00
2015.01.01 22:13:14.052,1.80815,1.81034,1.00,1.00
2015.01.01 22:13:14.555,1.80812,1.81034,1.00,1.00
2015.01.01 22:13:15.680,1.80809,1.81034,1.00,1.00
2015.01.01 22:13:17.574,1.80811,1.81034,1.00,1.00
2015.01.01 22:13:19.687,1.80808,1.81034,1.00,1.00
2015.01.01 22:13:19.787,1.80818,1.81034,1.00,1.00
2015.01.01 22:13:19.888,1.80815,1.81034,1.00,1.00
2015.01.01 22:13:20.828,1.8082,1.81034,1.00,1.00
2015.01.01 22:13:20.930,1.80812,1.81034,1.00,1.00
2015.01.01 22:13:21.903,1.80814,1.81034,1.00,1.00
2015.01.01 22:13:22.506,1.80813,1.81034,1.00,1.00
2015.01.01 22:13:23.012,1.80814,1.81034,1.00,1.00
2015.01.01 22:13:24.151,1.80811,1.81034,1.00,1.00
2015.01.01 22:13:25.246,1.80821,1.81034,1.00,1.00
2015.01.01 22:13:25.328,1.80811,1.81034,1.00,1.00
2015.01.01 22:13:27.338,1.80812,1.81034,1.00,1.00
2015.01.01 22:13:29.249,1.80811,1.81034,1.00,1.00
2015.01.01 22:13:29.853,1.80809,1.81034,1.00,1.00
2015.01.01 22:13:31.363,1.80812,1.81034,1.00,1.00
2015.01.01 22:13:31.812,1.80815,1.81034,1.00,1.00
2015.01.01 22:13:33.979,1.80809,1.81034,1.00,1.00
2015.01.01 22:13:34.130,1.80819,1.81034,1.00,1.00
2015.01.01 22:13:34.182,1.80817,1.81034,1.00,1.00
2015.01.01 22:13:34.785,1.80819,1.81034,1.00,1.00
2015.01.01 22:13:36.142,1.80818,1.81034,1.00,1.00
2015.01.01 22:13:37.198,1.80819,1.81034,1.00,1.00
2015.01.01 22:13:37.840,1.8082,1.81034,1.00,1.00
2015.01.01 22:13:38.066,1.80793,1.81034,1.00,1.67
2015.01.01 22:13:38.217,1.80789,1.81014,1.00,1.00
2015.01.01 22:13:39.152,1.80814,1.81014,1.00,1.00
2015.01.01 22:13:40.029,1.80813,1.81014,1.00,1.00
2015.01.01 22:13:40.262,1.80817,1.81034,1.00,1.67
2015.01.01 22:13:40.363,1.80812,1.81034,1.00,1.67
2015.01.01 22:13:41.015,1.80822,1.81034,1.00,1.67
2015.01.01 22:13:42.979,1.80821,1.81034,1.00,1.67
2015.01.01 22:13:44.993,1.80824,1.81034,1.00,1.67
2015.01.01 22:13:45.923,1.80821,1.81034,1.00,1.67
2015.01.01 22:13:46.024,1.80809,1.81019,1.00,1.00
2015.01.01 22:13:46.125,1.80823,1.81037,1.00,1.67
2015.01.01 22:13:47.430,1.80822,1.81037,1.00,1.67
2015.01.01 22:13:47.540,1.80816,1.81037,1.00,1.67
2015.01.01 22:13:49.124,1.80817,1.81037,1.00,1.67
2015.01.01 22:13:49.526,1.80815,1.81037,1.00,1.67
2015.01.01 22:13:50.431,1.80816,1.81037,1.00,1.67
2015.01.01 22:13:51.163,1.8081,1.81037,1.00,1.67
2015.01.01 22:13:53.066,1.80794,1.81037,1.00,1.67
2015.01.01 22:13:55.812,1.80815,1.81037,1.00,1.67
2015.01.01 22:13:56.363,1.80816,1.81037,1.00,1.67
2015.01.01 22:13:56.931,1.80815,1.81037,1.00,1.67
2015.01.01 22:13:58.129,1.80815,1.81037,1.00,1.42
2015.01.01 22:13:58.934,1.80812,1.81037,1.00,1.42
2015.01.01 22:13:59.034,1.80816,1.81037,1.00,1.42
2015.01.01 22:14:00.653,1.80815,1.81037,1.00,1.42
2015.01.01 22:14:01.770,1.80816,1.81037,1.00,1.67
2015.01.01 22:14:01.871,1.80811,1.81037,1.00,1.42
2015.01.01 22:14:02.159,1.80809,1.81037,1.00,1.42
2015.01.01 22:14:02.930,1.8081,1.81037,1.00,1.67
2015.01.01 22:14:03.823,1.80794,1.81037,1.00,1.42
2015.01.01 22:14:04.179,1.8081,1.81037,1.00,1.67
2015.01.01 22:14:06.092,1.80809,1.81037,1.00,1.42
2015.01.01 22:14:07.013,1.80808,1.81037,1.00,1.67
2015.01.01 22:14:07.120,1.80805,1.81037,1.00,1.67
2015.01.01 22:14:07.703,1.80806,1.81037,1.00,1.42
2015.01.01 22:14:09.619,1.80807,1.81037,1.00,1.67
2015.01.01 22:14:09.720,1.80804,1.81037,1.00,1.67
2015.01.01 22:14:10.223,1.80806,1.81037,1.00,1.42
2015.01.01 22:14:11.740,1.80804,1.81037,1.00,1.42
2015.01.01 22:14:11.841,1.80802,1.81037,1.67,1.67
2015.01.01 22:14:12.068,1.80814,1.81027,1.00,1.00
2015.01.01 22:14:12.269,1.80817,1.81027,1.00,1.00
2015.01.01 22:14:12.671,1.80814,1.81027,1.00,1.00
2015.01.01 22:14:13.275,1.80813,1.81027,1.00,1.00
2015.01.01 22:14:18.545,1.80812,1.80997,1.00,1.00
2015.01.01 22:14:18.894,1.80833,1.80997,1.00,1.00
2015.01.01 22:14:18.995,1.80833,1.81017,1.00,1.67
2015.01.01 22:14:19.046,1.80834,1.81016,1.00,1.00
2015.01.01 22:14:19.147,1.80817,1.81027,1.00,1.00
2015.01.01 22:14:23.620,1.80879,1.81027,1.00,1.00
2015.01.01 22:14:23.872,1.80899,1.8111,1.97,1.67
2015.01.01 22:14:24.073,1.8091,1.81133,1.97,2.40
2015.01.01 22:14:24.174,1.80915,1.81133,1.97,1.67
2015.01.01 22:14:24.375,1.80925,1.81146,1.97,1.97
2015.01.01 22:14:24.700,1.80942,1.81159,1.67,1.97
2015.01.01 22:14:25.002,1.80955,1.81168,1.00,1.97
2015.01.01 22:14:25.529,1.80954,1.8117,1.00,1.97
2015.01.01 22:14:25.911,1.80971,1.81178,1.00,1.67
2015.01.01 22:14:26.499,1.8097,1.81143,1.00,1.67
2015.01.01 22:14:29.191,1.80971,1.81143,1.00,1.67
2015.01.01 22:14:31.013,1.8097,1.81143,1.00,1.67
2015.01.01 22:14:35.367,1.80974,1.81143,1.00,1.67
2015.01.01 22:14:36.501,1.80975,1.81143,1.00,1.67
2015.01.01 22:14:37.047,1.80974,1.81143,1.00,1.67
2015.01.01 22:14:38.658,1.80975,1.81143,1.00,1.67
2015.01.01 22:14:39.362,1.80975,1.81143,1.00,1.67
2015.01.01 22:14:40.045,1.80976,1.81143,1.00,1.67
2015.01.01 22:14:40.650,1.80975,1.81143,1.00,1.67
2015.01.01 22:14:41.375,1.80976,1.81143,1.00,1.67
2015.01.01 22:14:43.021,1.80956,1.81143,1.00,1.67
2015.01.01 22:14:43.293,1.80976,1.81143,1.00,1.67
2015.01.01 22:14:44.301,1.80956,1.81143,1.00,1.67
2015.01.01 22:14:44.831,1.80956,1.81143,1.00,1.00
2015.01.01 22:14:46.120,1.80978,1.81143,1.00,1.00
2015.01.01 22:14:46.380,1.80976,1.81143,1.00,1.00
2015.01.01 22:14:46.750,1.80977,1.8115,1.00,1.00
2015.01.01 22:14:47.293,1.80976,1.8115,1.00,1.00
2015.01.01 22:14:48.023,1.80977,1.8115,1.00,1.00
2015.01.01 22:14:48.594,1.80978,1.8115,1.00,1.00
2015.01.01 22:14:50.045,1.80977,1.8115,1.00,1.00
2015.01.01 22:14:52.394,1.80978,1.8115,1.00,1.00
2015.01.01 22:14:52.645,1.8098,1.8115,1.00,1.00
2015.01.01 22:14:52.746,1.80966,1.8115,1.00,1.00
2015.01.01 22:14:54.239,1.8097,1.8115,1.00,1.00
2015.01.01 22:14:55.030,1.80973,1.8115,1.00,1.00
2015.01.01 22:14:56.981,1.80975,1.8115,1.00,1.00
2015.01.01 22:14:58.072,1.80972,1.8115,1.00,1.00
2015.01.01 22:14:58.402,1.8098,1.8115,1.00,1.00
2015.01.01 22:14:58.503,1.80985,1.81165,1.00,1.00
2015.01.01 22:14:58.555,1.8097,1.81165,1.00,1.00
2015.01.01 22:14:58.869,1.80989,1.81165,1.00,1.00
2015.01.01 22:14:59.241,1.80989,1.81173,1.00,1.42
2015.01.01 22:14:59.362,1.80991,1.81173,1.00,1.42
2015.01.01 22:14:59.814,1.80993,1.81173,1.00,1.42
2015.01.01 22:15:01.309,1.80992,1.81173,1.00,1.67
2015.01.01 22:15:01.940,1.80991,1.81173,1.00,1.42
2015.01.01 22:15:05.520,1.80993,1.81173,1.00,1.42
2015.01.01 22:15:06.277,1.80998,1.81173,1.00,1.00
2015.01.01 22:15:06.377,1.8098,1.81173,1.00,1.00
2015.01.01 22:15:07.043,1.80999,1.81173,1.00,1.00
2015.01.01 22:15:07.399,1.81002,1.81173,1.00,1.00
2015.01.01 22:15:09.261,1.81003,1.81173,1.00,1.00
2015.01.01 22:15:10.051,1.81002,1.81173,1.00,1.00
2015.01.01 22:15:12.082,1.81003,1.81173,1.00,1.00
2015.01.01 22:15:12.719,1.81,1.81173,1.00,1.00
2015.01.01 22:15:14.599,1.81001,1.81173,1.00,1.00
2015.01.01 22:15:16.653,1.81,1.81173,1.00,1.00
2015.01.01 22:15:20.509,1.81001,1.81173,1.00,1.00
2015.01.01 22:15:21.104,1.81,1.81173,1.00,1.00
2015.01.01 22:15:22.512,1.81001,1.81173,1.00,1.00
2015.01.01 22:15:24.522,1.81,1.81173,1.00,1.00
2015.01.01 22:15:26.057,1.80999,1.81173,1.00,1.00
2015.01.01 22:15:26.134,1.8099,1.81173,1.00,1.00
2015.01.01 22:15:26.927,1.80989,1.81173,1.00,1.00
2015.01.01 22:15:27.042,1.80987,1.81173,1.00,1.00
2015.01.01 22:15:27.759,1.8099,1.81173,1.00,1.00
2015.01.01 22:15:27.860,1.80986,1.81173,1.00,1.00
2015.01.01 22:15:28.254,1.80989,1.81173,1.00,1.00
2015.01.01 22:15:28.758,1.80991,1.81173,1.00,1.00
2015.01.01 22:15:29.540,1.80993,1.81181,1.00,1.00
2015.01.01 22:15:29.695,1.81003,1.81181,1.00,1.00
2015.01.01 22:15:29.796,1.80993,1.81181,1.00,1.00
2015.01.01 22:15:29.847,1.80983,1.81173,1.00,1.00
2015.01.01 22:15:29.897,1.80999,1.81173,1.00,1.00
2015.01.01 22:15:30.199,1.80983,1.81173,1.00,1.00
2015.01.01 22:15:30.299,1.80971,1.81165,1.00,1.00
2015.01.01 22:15:30.577,1.80985,1.81165,1.00,1.00
2015.01.01 22:15:30.879,1.80997,1.81156,1.00,1.00
2015.01.01 22:15:31.030,1.8099,1.81155,1.00,1.00
2015.01.01 22:15:31.080,1.8099,1.81149,1.00,1.00
2015.01.01 22:15:31.130,1.80967,1.81149,1.00,1.00
2015.01.01 22:15:31.432,1.80977,1.81149,1.00,1.67
2015.01.01 22:15:31.633,1.80956,1.8114,1.00,1.42
2015.01.01 22:15:31.879,1.809,1.81166,1.42,1.67
2015.01.01 22:15:31.929,1.80957,1.81155,1.00,1.67
2015.01.01 22:15:32.270,1.80959,1.81122,1.00,1.00
2015.01.01 22:15:32.421,1.80954,1.81122,1.00,1.00
2015.01.01 22:15:32.471,1.80954,1.81116,1.00,1.00
2015.01.01 22:15:32.522,1.80939,1.81116,1.42,1.00
2015.01.01 22:15:32.937,1.8095,1.81113,1.00,1.00
2015.01.01 22:15:33.240,1.80947,1.81107,1.00,1.42
2015.01.01 22:15:33.343,1.80922,1.811,1.00,1.00
2015.01.01 22:15:33.444,1.80943,1.811,1.00,1.00
2015.01.01 22:15:33.546,1.80922,1.811,1.00,1.00
2015.01.01 22:15:33.720,1.80926,1.811,1.00,1.00
2015.01.01 22:15:34.662,1.80933,1.81091,1.00,1.00
2015.01.01 22:15:35.064,1.80937,1.81091,1.00,1.00
2015.01.01 22:15:35.167,1.80922,1.81084,1.00,1.00
2015.01.01 22:15:35.368,1.80926,1.8108,1.00,1.00
2015.01.01 22:15:35.468,1.80907,1.8108,1.42,1.00
2015.01.01 22:15:35.569,1.80921,1.81078,1.00,1.00
2015.01.01 22:15:35.669,1.80907,1.81073,0.75,1.00
2015.01.01 22:15:35.770,1.80915,1.81073,1.00,1.00
2015.01.01 22:15:35.839,1.80912,1.81073,1.00,1.00
2015.01.01 22:15:36.544,1.80914,1.81073,1.00,1.00
2015.01.01 22:15:36.961,1.80918,1.81073,1.00,1.00
2015.01.01 22:15:37.061,1.80914,1.81073,1.00,1.00
2015.01.01 22:15:37.112,1.80914,1.81068,1.00,1.00
2015.01.01 22:15:37.251,1.80893,1.81068,1.00,1.00
2015.01.01 22:15:37.604,1.80904,1.81068,1.00,1.00
2015.01.01 22:15:37.905,1.80914,1.81059,1.00,1.00
2015.01.01 22:15:38.006,1.80908,1.81059,1.00,1.00
2015.01.01 22:15:38.107,1.80899,1.81059,1.00,1.00
2015.01.01 22:15:38.208,1.80899,1.81054,1.00,1.00
2015.01.01 22:15:38.509,1.80891,1.81052,1.00,1.00
2015.01.01 22:15:38.610,1.80896,1.81052,1.00,1.67
2015.01.01 22:15:38.811,1.80885,1.81044,1.00,0.75
2015.01.01 22:15:38.862,1.80871,1.8104,1.00,0.75
2015.01.01 22:15:38.912,1.80871,1.8104,1.00,1.67
2015.01.01 22:15:38.963,1.80863,1.81064,1.00,1.67
2015.01.01 22:15:39.063,1.80863,1.81064,1.00,1.00
2015.01.01 22:15:39.113,1.80863,1.81051,1.00,1.00
2015.01.01 22:15:39.619,1.80863,1.81052,1.00,1.00
2015.01.01 22:15:40.359,1.80863,1.81053,1.00,1.00
2015.01.01 22:15:41.891,1.80863,1.81054,1.00,1.00
2015.01.01 22:15:42.193,1.80863,1.81051,1.00,1.00
2015.01.01 22:15:43.025,1.80863,1.81052,1.00,1.00
2015.01.01 22:15:43.904,1.80863,1.81051,1.00,1.00
2015.01.01 22:15:45.061,1.80863,1.81052,1.00,1.00
2015.01.01 22:15:45.939,1.80863,1.81051,1.00,1.00
2015.01.01 22:15:47.039,1.80863,1.81064,1.00,1.00
2015.01.01 22:15:47.140,1.80852,1.81052,1.42,1.00
2015.01.01 22:15:47.539,1.80856,1.8105,1.00,1.00
2015.01.01 22:15:47.745,1.80855,1.81052,1.00,1.00
2015.01.01 22:15:48.148,1.80857,1.81052,1.00,1.00
2015.01.01 22:15:50.009,1.80858,1.81052,1.00,1.00
2015.01.01 22:15:50.163,1.80853,1.81052,1.00,1.00
2015.01.01 22:15:50.827,1.80852,1.81052,1.50,1.00
2015.01.01 22:15:51.274,1.80854,1.81052,1.00,1.00
2015.01.01 22:15:52.885,1.80856,1.81052,1.00,1.00
2015.01.01 22:15:53.495,1.80854,1.81052,1.00,1.00
2015.01.01 22:15:54.907,1.80855,1.81052,1.00,1.00
2015.01.01 22:15:56.013,1.80854,1.81052,1.00,1.00
2015.01.01 22:15:58.933,1.80855,1.81052,1.00,1.00
2015.01.01 22:15:59.537,1.80854,1.81052,1.00,1.00
2015.01.01 22:16:00.846,1.80855,1.81052,1.00,1.00
2015.01.01 22:16:01.368,1.80854,1.81052,1.00,1.00
2015.01.01 22:16:02.061,1.80853,1.81052,1.00,1.00
2015.01.01 22:16:03.465,1.80856,1.81052,1.00,1.00
2015.01.01 22:16:04.089,1.80853,1.81052,1.00,1.00
2015.01.01 22:16:05.621,1.80855,1.81052,1.00,1.00
2015.01.01 22:16:05.999,1.80852,1.81052,1.00,1.00
2015.01.01 22:16:14.810,1.80852,1.81051,1.00,1.00
2015.01.01 22:16:16.289,1.80844,1.81042,1.67,1.00
2015.01.01 22:16:17.147,1.80844,1.81042,1.67,1.00
2015.01.01 22:16:17.852,1.80844,1.81042,1.67,1.00
2015.01.01 22:16:18.262,1.80844,1.81042,1.00,1.67
2015.01.01 22:16:18.363,1.80835,1.81031,1.00,1.00
2015.01.01 22:16:20.588,1.80839,1.81031,1.00,1.00
2015.01.01 22:16:22.592,1.8084,1.81031,1.00,1.00
2015.01.01 22:16:23.119,1.80841,1.81031,1.00,1.00
2015.01.01 22:16:23.320,1.80838,1.81031,1.00,1.00
2015.01.01 22:16:23.449,1.80835,1.81031,1.50,1.00
2015.01.01 22:16:23.998,1.80836,1.81031,1.00,1.00
2015.01.01 22:16:24.514,1.80839,1.81031,1.00,1.00
2015.01.01 22:16:25.749,1.80857,1.81029,1.00,1.00
2015.01.01 22:16:26.051,1.8084,1.81035,1.00,1.00
2015.01.01 22:16:27.584,1.80858,1.81035,1.00,1.00
2015.01.01 22:16:27.936,1.80842,1.81037,1.00,1.00
2015.01.01 22:16:27.987,1.80842,1.81037,1.42,1.00
2015.01.01 22:16:28.087,1.80842,1.81037,1.00,1.00
2015.01.01 22:16:30.250,1.80838,1.81019,1.00,1.00
2015.01.01 22:16:30.585,1.80842,1.81026,1.00,1.42
2015.01.01 22:16:30.685,1.80839,1.81033,1.00,1.67
2015.01.01 22:16:31.338,1.80839,1.81034,1.00,1.67
2015.01.01 22:16:33.653,1.80839,1.81034,1.00,1.00
2015.01.01 22:16:33.829,1.80839,1.8103,1.00,1.00
2015.01.01 22:16:34.359,1.80839,1.81031,1.00,1.00
2015.01.01 22:16:34.526,1.80839,1.81035,1.00,1.00
2015.01.01 22:16:35.736,1.80839,1.81028,1.00,1.00
2015.01.01 22:16:35.937,1.80839,1.8103,1.00,1.00
2015.01.01 22:16:36.745,1.80839,1.81029,1.00,1.00
2015.01.01 22:16:39.967,1.80839,1.81028,1.00,1.00
2015.01.01 22:16:41.911,1.80839,1.81029,1.00,1.00
2015.01.01 22:16:42.415,1.80839,1.8103,1.00,1.00
2015.01.01 22:16:43.220,1.80839,1.81031,1.00,1.00
2015.01.01 22:16:44.326,1.80839,1.8103,1.00,1.00
2015.01.01 22:16:46.037,1.80839,1.81022,1.00,1.00
2015.01.01 22:16:46.138,1.80839,1.81028,1.00,1.00
2015.01.01 22:16:47.250,1.80839,1.81029,1.00,1.00
2015.01.01 22:16:48.198,1.80839,1.8103,1.00,1.00
2015.01.01 22:16:48.686,1.80839,1.81027,1.00,1.00
2015.01.01 22:16:49.188,1.80839,1.81028,1.00,1.00
2015.01.01 22:16:49.710,1.80839,1.81026,1.00,1.00
2015.01.01 22:16:50.238,1.80839,1.81025,1.00,1.00
2015.01.01 22:16:51.228,1.80839,1.81026,1.00,1.00
2015.01.01 22:16:51.282,1.80839,1.81028,1.00,1.00
2015.01.01 22:16:51.384,1.80839,1.81026,1.00,1.00
2015.01.01 22:16:51.886,1.80839,1.81025,1.00,1.00
2015.01.01 22:16:53.296,1.80839,1.81029,1.00,1.00
2015.01.01 22:16:54.095,1.8085,1.81015,1.00,1.00
2015.01.01 22:16:56.531,1.8085,1.81013,1.00,1.00
2015.01.01 22:16:57.051,1.80849,1.81014,1.00,1.00
2015.01.01 22:17:08.182,1.80843,1.81014,1.00,1.00
2015.01.01 22:17:13.108,1.80849,1.81014,1.00,1.00
2015.01.01 22:17:21.138,1.80841,1.81011,1.00,1.00
2015.01.01 22:17:36.643,1.80841,1.81008,1.00,1.00
2015.01.01 22:17:40.053,1.80848,1.81011,1.00,1.00
2015.01.01 22:17:41.065,1.80846,1.81006,1.00,1.00
2015.01.01 22:17:44.517,1.80842,1.81011,1.00,1.00
2015.01.01 22:17:45.590,1.80842,1.80999,1.00,1.00
2015.01.01 22:17:45.691,1.80842,1.81005,1.00,1.00
2015.01.01 22:17:49.137,1.80842,1.81011,1.00,1.00
2015.01.01 22:17:50.617,1.80841,1.80996,1.00,1.00
2015.01.01 22:17:56.742,1.80843,1.80985,1.00,1.00
2015.01.01 22:17:57.625,1.80843,1.80991,1.00,1.00
2015.01.01 22:17:57.776,1.80839,1.80999,1.00,1.00
2015.01.01 22:17:57.877,1.80836,1.80983,1.00,1.00
2015.01.01 22:17:59.132,1.80836,1.80992,1.00,1.00
2015.01.01 22:17:59.235,1.80828,1.80988,1.00,1.00
2015.01.01 22:18:01.677,1.80828,1.80981,1.00,1.00
2015.01.01 22:18:01.778,1.80828,1.80991,1.00,1.00
2015.01.01 22:18:03.743,1.80828,1.80975,1.00,1.00
2015.01.01 22:18:05.753,1.80821,1.80975,1.00,1.00
2015.01.01 22:18:05.904,1.80815,1.8098,1.00,1.00
2015.01.01 22:18:06.468,1.80814,1.8098,1.00,1.00
2015.01.01 22:18:08.962,1.80819,1.8098,1.00,1.00
2015.01.01 22:18:09.996,1.80821,1.80981,1.00,1.00
2015.01.01 22:18:10.427,1.80821,1.80974,1.00,1.00
2015.01.01 22:18:15.020,1.80826,1.8098,1.00,1.00
2015.01.01 22:18:15.279,1.80822,1.80983,1.00,1.00
2015.01.01 22:18:15.426,1.80818,1.80981,1.00,1.00
2015.01.01 22:18:16.182,1.80811,1.8098,1.00,1.00
2015.01.01 22:18:16.384,1.80812,1.80982,1.00,1.00
2015.01.01 22:18:18.507,1.80818,1.80981,1.00,1.00
2015.01.01 22:18:18.608,1.80811,1.80982,1.00,1.00
2015.01.01 22:18:24.605,1.80822,1.80983,1.00,1.00
2015.01.01 22:18:24.808,1.80817,1.80982,1.00,1.00
2015.01.01 22:18:25.244,1.80823,1.80983,1.00,1.00
2015.01.01 22:18:25.345,1.80814,1.80983,1.00,1.00
2015.01.01 22:18:26.316,1.8081,1.80983,1.00,1.00
2015.01.01 22:18:28.640,1.80822,1.80983,1.00,1.00
2015.01.01 22:18:28.942,1.80816,1.80982,1.00,1.00
2015.01.01 22:18:30.662,1.80824,1.80993,1.00,1.00
2015.01.01 22:18:30.876,1.80818,1.80992,1.00,1.00
2015.01.01 22:18:32.153,1.80815,1.80992,1.00,1.00
2015.01.01 22:18:38.569,1.80816,1.80979,1.00,1.00
2015.01.01 22:18:38.720,1.80802,1.8098,1.00,1.00
2015.01.01 22:18:41.785,1.80808,1.80989,1.00,1.50
2015.01.01 22:18:43.895,1.80812,1.80988,1.00,1.00
2015.01.01 22:18:44.636,1.80811,1.80989,1.00,1.50
2015.01.01 22:18:44.957,1.80815,1.80984,1.50,1.00
2015.01.01 22:18:45.682,1.80825,1.80985,1.00,1.00
2015.01.01 22:18:45.933,1.80824,1.80987,1.00,1.00
2015.01.01 22:18:49.001,1.80831,1.80976,1.00,1.00
2015.01.01 22:18:49.101,1.80829,1.80997,1.00,1.50
2015.01.01 22:18:52.906,1.8083,1.80997,1.00,1.00
2015.01.01 22:18:53.057,1.80824,1.80997,1.00,1.00
2015.01.01 22:19:00.139,1.8082,1.80997,1.00,1.00
2015.01.01 22:19:00.636,1.80826,1.80997,1.00,1.00
2015.01.01 22:19:05.041,1.80826,1.81006,1.00,1.00
2015.01.01 22:19:12.052,1.8083,1.81013,1.00,1.00
2015.01.01 22:19:12.179,1.8083,1.8101,1.00,1.00
2015.01.01 22:19:12.556,1.80829,1.80995,1.00,1.00
2015.01.01 22:19:18.009,1.8083,1.81013,1.00,1.00
2015.01.01 22:19:18.568,1.80831,1.80999,1.00,1.00
2015.01.01 22:19:20.974,1.80828,1.81007,1.00,1.00
2015.01.01 22:19:24.980,1.80829,1.81013,1.00,1.00
2015.01.01 22:19:26.882,1.80831,1.81006,1.00,1.00
2015.01.01 22:19:27.985,1.8083,1.80997,1.00,1.00
2015.01.01 22:19:29.036,1.80829,1.80992,1.00,1.00
2015.01.01 22:19:30.088,1.8083,1.81,1.00,1.00
2015.01.01 22:19:39.106,1.80829,1.80993,1.00,1.00
2015.01.01 22:19:40.008,1.8083,1.80986,1.00,1.00
2015.01.01 22:19:41.055,1.80827,1.80981,1.00,1.00
2015.01.01 22:19:41.156,1.80829,1.80992,1.00,1.00
2015.01.01 22:19:41.257,1.80831,1.80999,1.00,1.00
2015.01.01 22:19:42.155,1.80829,1.80993,1.00,1.00
2015.01.01 22:19:47.045,1.80827,1.81,1.00,1.00
2015.01.01 22:19:49.166,1.80828,1.81004,1.00,1.00
2015.01.01 22:19:49.372,1.80832,1.80989,1.00,1.00
2015.01.01 22:19:49.735,1.80833,1.80981,1.00,1.00
2015.01.01 22:19:57.045,1.80835,1.8099,1.00,1.00
2015.01.01 22:19:57.175,1.80835,1.80984,1.00,1.00
2015.01.01 22:20:00.051,1.80845,1.80983,1.00,1.00
2015.01.01 22:20:04.560,1.80847,1.80989,1.00,1.00
2015.01.01 22:20:06.009,1.80853,1.80989,1.00,1.00
2015.01.01 22:20:07.070,1.80857,1.80985,1.50,1.00
2015.01.01 22:20:08.283,1.80863,1.80991,1.00,1.50
2015.01.01 22:20:08.972,1.80862,1.80979,1.00,1.00
2015.01.01 22:20:10.093,1.8087,1.80979,1.00,1.00
2015.01.01 22:20:10.193,1.80869,1.80986,1.00,1.00
2015.01.01 22:20:11.080,1.80876,1.80987,1.00,1.00
2015.01.01 22:20:11.585,1.80875,1.80982,1.00,1.00
2015.01.01 22:20:12.183,1.80881,1.80981,1.00,1.00
2015.01.01 22:20:12.309,1.8088,1.80983,1.00,1.00
2015.01.01 22:20:12.510,1.80887,1.80985,1.00,1.00
2015.01.01 22:20:13.046,1.80886,1.80986,1.50,1.00
2015.01.01 22:20:14.091,1.80888,1.80986,1.00,1.00
2015.01.01 22:20:14.242,1.80892,1.80991,1.00,1.00
2015.01.01 22:20:14.824,1.80894,1.80979,1.00,1.00
2015.01.01 22:20:15.126,1.80897,1.80972,1.00,1.00
2015.01.01 22:20:29.856,1.80889,1.80966,1.00,1.00
2015.01.01 22:20:35.386,1.80882,1.80959,1.00,1.00
2015.01.01 22:20:50.384,1.8088,1.80956,1.00,1.00
2015.01.01 22:20:53.884,1.80886,1.80962,1.00,1.00
2015.01.01 22:20:56.625,1.80889,1.80961,1.00,1.00
2015.01.01 22:20:59.922,1.80894,1.8097,1.00,1.00
2015.01.01 22:21:16.535,1.80892,1.80968,1.00,1.00
2015.01.01 22:21:16.729,1.80882,1.80959,1.00,1.00
2015.01.01 22:21:16.880,1.80876,1.80952,1.00,1.00
2015.01.01 22:21:17.182,1.80864,1.8094,1.00,1.00
2015.01.01 22:21:28.295,1.80856,1.80932,1.00,1.00
2015.01.01 22:21:28.597,1.80836,1.80908,1.00,1.00
2015.01.01 22:21:28.698,1.80829,1.80903,1.00,1.00
2015.01.01 22:21:28.798,1.80821,1.80897,1.00,1.50
2015.01.01 22:21:28.899,1.8081,1.80888,1.00,1.00
2015.01.01 22:21:29.000,1.8082,1.80893,1.00,1.00
2015.01.01 22:21:29.101,1.80813,1.80889,1.00,1.00
2015.01.01 22:21:29.201,1.80817,1.80889,1.00,1.00
2015.01.01 22:21:29.503,1.80816,1.80893,1.00,1.00
2015.01.01 22:21:39.799,1.80824,1.80895,1.00,1.00
2015.01.01 22:21:39.899,1.80834,1.80908,1.00,1.00
2015.01.01 22:21:40.000,1.80837,1.80908,1.00,1.00
2015.01.01 22:21:40.101,1.80841,1.80916,1.00,1.00
2015.01.01 22:21:49.964,1.80834,1.80911,1.00,1.50
2015.01.01 22:21:50.065,1.80827,1.80904,1.00,1.00
2015.01.01 22:21:50.527,1.80835,1.80908,1.00,1.00
2015.01.01 22:21:50.678,1.8084,1.80914,1.00,1.00
2015.01.01 22:21:51.569,1.80846,1.80918,1.00,1.00
2015.01.01 22:22:07.075,1.80849,1.80923,1.00,1.00
2015.01.01 22:22:11.085,1.80842,1.80918,1.00,1.00
2015.01.01 22:22:11.290,1.80834,1.80908,1.00,1.00
2015.01.01 22:22:29.929,1.80838,1.80911,1.00,1.00
2015.01.01 22:22:31.533,1.80831,1.80908,1.00,1.00
2015.01.01 22:22:31.684,1.80828,1.80899,1.00,1.00
2015.01.01 22:22:31.785,1.8082,1.80895,1.00,1.00
2015.01.01 22:22:49.265,1.80823,1.80894,1.00,1.00
2015.01.01 22:22:49.517,1.80831,1.80905,1.00,1.00
2015.01.01 22:22:49.618,1.80836,1.80912,1.00,1.00
2015.01.01 22:22:49.719,1.80843,1.80914,1.00,1.00
2015.01.01 22:22:50.020,1.80849,1.8092,1.00,1.00
2015.01.01 22:23:05.944,1.80847,1.80923,1.00,1.00
2015.01.01 22:23:10.587,1.80842,1.80919,1.00,1.00
2015.01.01 22:23:11.791,1.80847,1.8092,1.00,1.00
2015.01.01 22:23:21.206,1.80842,1.80914,1.00,1.00
2015.01.01 22:23:36.626,1.80847,1.80918,1.00,1.00
2015.01.01 22:23:52.577,1.8084,1.80915,1.00,1.00
2015.01.01 22:24:10.588,1.80846,1.80918,1.00,1.00
2015.01.01 22:24:25.951,1.80848,1.80919,1.00,1.00
2015.01.01 22:24:31.536,1.80841,1.80918,1.00,1.00
2015.01.01 22:24:43.694,1.80849,1.80919,1.00,1.00
2015.01.01 22:24:47.671,1.80842,1.80914,1.00,1.00
2015.01.01 22:24:55.130,1.80834,1.80908,1.00,1.00
2015.01.01 22:24:55.231,1.80844,1.80913,1.00,1.00
2015.01.01 22:24:55.332,1.80842,1.80912,1.00,1.00
2015.01.01 22:24:55.843,1.80836,1.8091,1.00,1.00
2015.01.01 22:24:55.944,1.80828,1.80904,1.00,1.00
2015.01.01 22:24:56.045,1.80835,1.80907,1.00,1.00
2015.01.01 22:24:56.347,1.80843,1.80913,1.00,1.00
2015.01.01 22:25:00.728,1.8085,1.8092,1.00,1.00
2015.01.01 22:25:05.549,1.80842,1.80918,1.00,1.00
2015.01.01 22:25:05.801,1.80834,1.8091,1.00,1.00
2015.01.01 22:25:06.158,1.80841,1.80911,1.00,1.00
2015.01.01 22:25:06.687,1.8084,1.80912,1.00,1.00
2015.01.01 22:25:06.989,1.80837,1.80911,1.00,1.50
2015.01.01 22:25:07.090,1.80831,1.80908,1.00,1.00
2015.01.01 22:25:07.190,1.80836,1.80912,1.00,1.00
2015.01.01 22:25:07.515,1.80843,1.80915,1.00,1.00
2015.01.01 22:25:07.821,1.80834,1.8091,1.00,1.00
2015.01.01 22:25:07.922,1.8084,1.80912,1.00,1.00
2015.01.01 22:25:08.023,1.80833,1.80909,1.00,1.00
2015.01.01 22:25:08.326,1.80835,1.80908,1.00,1.00
2015.01.01 22:25:08.427,1.80838,1.80915,1.00,1.00
2015.01.01 22:25:08.705,1.80836,1.80908,1.50,1.00
2015.01.01 22:25:09.208,1.80848,1.80916,1.00,1.00
2015.01.01 22:25:09.614,1.80838,1.80915,1.00,1.50
2015.01.01 22:25:09.916,1.80836,1.80911,1.00,1.00
2015.01.01 22:25:10.220,1.80843,1.80916,1.00,1.00
2015.01.01 22:25:16.633,1.80849,1.80922,1.00,1.00
2015.01.01 22:25:35.080,1.80844,1.80921,1.00,1.00
2015.01.01 22:25:45.893,1.8085,1.80922,1.00,1.00
2015.01.01 22:26:02.228,1.80847,1.80919,1.00,1.00
2015.01.01 22:26:02.572,1.8084,1.80912,1.00,1.00
2015.01.01 22:26:25.897,1.80841,1.80913,1.00,1.00
2015.01.01 22:26:42.641,1.80822,1.80841,1.00,0.97
2015.01.01 22:26:42.743,1.80795,1.80866,1.00,1.00
2015.01.01 22:26:42.844,1.80776,1.80844,1.00,1.00
2015.01.01 22:26:43.046,1.80736,1.80807,1.00,1.00
2015.01.01 22:26:43.147,1.80756,1.80827,1.00,1.00
2015.01.01 22:26:43.450,1.80809,1.80879,1.00,1.00
2015.01.01 22:26:43.550,1.80818,1.80889,1.00,1.50
2015.01.01 22:26:43.651,1.80826,1.80896,1.00,1.00
2015.01.01 22:26:43.752,1.80834,1.80905,1.00,1.00
2015.01.01 22:26:44.276,1.80841,1.8091,1.00,1.00
2015.01.01 22:26:44.477,1.80847,1.80918,1.00,1.00
2015.01.01 22:26:45.999,1.80853,1.80923,1.00,1.00
2015.01.01 22:26:46.100,1.80859,1.8093,1.00,1.00
2015.01.01 22:26:46.201,1.80866,1.80936,1.00,1.00
2015.01.01 22:26:46.301,1.80872,1.80943,1.00,1.00
2015.01.01 22:26:46.402,1.80879,1.80949,1.00,1.00
2015.01.01 22:26:46.503,1.80885,1.80956,1.00,1.50
2015.01.01 22:26:46.604,1.80891,1.80962,1.00,1.00
2015.01.01 22:26:46.906,1.8091,1.80981,1.00,1.00
2015.01.01 22:26:50.599,1.80891,1.81,1.00,1.00
2015.01.01 22:26:50.700,1.80822,1.80839,1.37,1.30
2015.01.01 22:26:50.750,1.80813,1.80838,1.53,1.30
2015.01.01 22:26:50.801,1.80707,1.80778,1.00,1.00
2015.01.01 22:26:50.902,1.80752,1.80821,1.00,1.00
2015.01.01 22:26:51.207,1.80748,1.80819,1.00,1.00
2015.01.01 22:26:51.420,1.80752,1.80818,1.00,1.00
2015.01.01 22:26:51.520,1.80769,1.80836,1.00,1.00
2015.01.01 22:26:51.621,1.80788,1.80859,1.00,1.00
2015.01.01 22:26:51.722,1.80798,1.80868,1.00,1.00
2015.01.01 22:26:54.143,1.80799,1.80868,1.00,1.00
2015.01.01 22:26:56.262,1.80807,1.80876,1.00,1.00
2015.01.01 22:26:56.823,1.80813,1.80882,1.00,1.00
2015.01.01 22:26:57.146,1.80817,1.80886,1.00,1.00
2015.01.01 22:26:58.339,1.80828,1.80899,1.00,1.00
2015.01.01 22:26:58.440,1.80837,1.80905,1.00,1.00
2015.01.01 22:26:58.742,1.80813,1.80849,1.67,1.00
2015.01.01 22:26:58.843,1.8082,1.80854,1.00,1.00
2015.01.01 22:26:58.944,1.80797,1.80848,1.00,1.30
2015.01.01 22:27:00.044,1.80796,1.80848,1.00,1.30
2015.01.01 22:27:00.260,1.80776,1.80838,1.67,1.00
2015.01.01 22:27:00.311,1.80753,1.80838,1.00,1.00
2015.01.01 22:27:00.361,1.80709,1.80793,1.67,1.00
2015.01.01 22:27:00.412,1.80709,1.80793,1.00,1.00
2015.01.01 22:27:00.462,1.80749,1.80798,1.00,1.00
2015.01.01 22:27:00.563,1.80755,1.80842,1.00,1.00
2015.01.01 22:27:00.879,1.80763,1.80843,1.00,1.00
2015.01.01 22:27:01.031,1.80786,1.80868,1.00,1.00
2015.01.01 22:27:01.081,1.80795,1.80882,1.00,1.67
2015.01.01 22:27:01.132,1.80795,1.80882,1.00,1.00
2015.01.01 22:27:01.801,1.80801,1.80888,1.00,1.00
2015.01.01 22:27:02.103,1.80828,1.80913,1.00,1.00
2015.01.01 22:27:02.405,1.80847,1.80934,1.50,1.00
2015.01.01 22:27:02.506,1.80853,1.8094,1.00,1.00
2015.01.01 22:27:02.807,1.80872,1.80959,1.50,1.00
2015.01.01 22:27:03.109,1.80897,1.80984,1.00,1.00
2015.01.01 22:27:03.411,1.80915,1.81002,1.00,1.50
2015.01.01 22:27:03.746,1.80921,1.81002,1.00,1.00
2015.01.01 22:27:03.847,1.80921,1.81008,1.00,1.00
2015.01.01 22:27:03.947,1.80934,1.81013,1.00,1.00
2015.01.01 22:27:04.008,1.80934,1.81018,1.00,1.00
2015.01.01 22:27:05.910,1.80928,1.81015,1.00,1.00
2015.01.01 22:27:06.930,1.80846,1.80901,1.00,7.76
2015.01.01 22:27:06.981,1.80775,1.8084,1.45,1.00
2015.01.01 22:27:07.032,1.80722,1.80807,1.67,1.00
2015.01.01 22:27:07.155,1.80722,1.80807,1.00,1.00
2015.01.01 22:27:07.320,1.80722,1.80807,1.37,1.00
2015.01.01 22:27:07.919,1.80722,1.80807,1.00,1.00
2015.01.01 22:27:08.071,1.80714,1.80801,1.00,1.00
2015.01.01 22:27:10.138,1.80738,1.80811,1.00,1.00
2015.01.01 22:27:10.239,1.80738,1.80825,1.00,1.00
2015.01.01 22:27:10.440,1.80746,1.80833,1.00,1.00
2015.01.01 22:27:11.584,1.80746,1.80833,1.67,1.00
2015.01.01 22:27:11.687,1.80768,1.80866,1.00,1.00
2015.01.01 22:27:12.349,1.80779,1.80874,1.00,1.00
2015.01.01 22:27:12.651,1.80803,1.80899,1.67,1.00
2015.01.01 22:27:12.803,1.80831,1.80929,1.00,1.00
2015.01.01 22:27:12.905,1.80848,1.80945,1.00,1.00
2015.01.01 22:27:13.208,1.80894,1.8099,1.00,1.00
2015.01.01 22:27:13.510,1.80935,1.81032,1.00,1.00
2015.01.01 22:27:13.611,1.80948,1.81046,1.00,1.50
2015.01.01 22:27:13.712,1.80956,1.81052,1.00,1.00
2015.01.01 22:27:13.913,1.80976,1.81074,1.00,1.00
2015.01.01 22:27:14.014,1.80987,1.81085,1.00,1.00
2015.01.01 22:27:14.320,1.80995,1.81091,1.00,1.00
2015.01.01 22:27:14.903,1.80916,1.8111,1.67,1.42
2015.01.01 22:27:14.954,1.80821,1.81041,1.94,1.00
2015.01.01 22:27:15.004,1.80759,1.80847,1.00,1.00
2015.01.01 22:27:16.091,1.80764,1.80851,1.00,1.00
2015.01.01 22:27:16.690,1.80757,1.80844,1.00,1.00
2015.01.01 22:27:17.219,1.80751,1.80838,1.00,1.00
2015.01.01 22:27:17.561,1.80758,1.80843,1.00,1.00
2015.01.01 22:27:17.708,1.80761,1.8085,1.00,1.00
2015.01.01 22:27:18.699,1.80768,1.80855,1.00,1.00
2015.01.01 22:27:22.109,1.80778,1.80863,1.00,1.00
2015.01.01 22:27:22.950,1.80745,1.80855,1.00,1.00
2015.01.01 22:27:23.050,1.80744,1.80839,1.00,1.00
2015.01.01 22:27:23.359,1.80774,1.80869,1.00,1.50
2015.01.01 22:27:28.469,1.80781,1.80876,1.00,1.00
2015.01.01 22:27:31.179,1.80762,1.80856,1.00,1.00
2015.01.01 22:27:31.708,1.80761,1.80856,1.00,1.00
2015.01.01 22:27:35.399,1.80756,1.80847,1.00,1.00
2015.01.01 22:27:41.586,1.80748,1.80847,1.00,1.50
2015.01.01 22:27:44.439,1.80751,1.80847,1.00,1.00
2015.01.01 22:27:44.540,1.80762,1.80861,1.00,1.00
2015.01.01 22:27:44.943,1.80757,1.80854,1.00,1.00
2015.01.01 22:27:45.245,1.80762,1.80861,1.00,1.00
2015.01.01 22:27:47.148,1.80762,1.80849,1.00,1.00
2015.01.01 22:27:47.249,1.80744,1.80843,1.00,1.00
2015.01.01 22:27:49.315,1.80738,1.80837,1.50,1.00
2015.01.01 22:27:49.679,1.80745,1.80844,1.00,1.00
2015.01.01 22:27:50.338,1.80769,1.80844,1.00,1.00
2015.01.01 22:27:50.490,1.80769,1.8085,1.00,1.00
2015.01.01 22:27:51.318,1.80764,1.8085,1.00,1.00
2015.01.01 22:27:56.591,1.80764,1.80857,1.00,1.00
2015.01.01 22:27:57.607,1.80778,1.80857,1.00,1.00
2015.01.01 22:27:57.808,1.80778,1.80867,1.00,2.25
2015.01.01 22:27:58.580,1.80776,1.80873,1.00,1.00
2015.01.01 22:27:58.631,1.80785,1.80873,1.00,1.00
2015.01.01 22:27:58.955,1.80811,1.80892,1.00,1.00
2015.01.01 22:27:59.006,1.8085,1.80943,1.00,1.00
2015.01.01 22:27:59.057,1.80871,1.80966,1.00,1.00
2015.01.01 22:27:59.158,1.80893,1.80988,1.00,1.00
2015.01.01 22:27:59.460,1.80958,1.81052,1.00,1.00
2015.01.01 22:27:59.560,1.80975,1.81072,1.00,1.00
2015.01.01 22:27:59.661,1.8099,1.81088,1.00,1.00
2015.01.01 22:27:59.762,1.81003,1.81096,1.50,1.00
2015.01.01 22:28:00.064,1.81038,1.81095,1.00,1.00
2015.01.01 22:28:00.366,1.81035,1.81096,1.00,1.00
2015.01.01 22:28:00.979,1.81035,1.81133,1.00,1.00
2015.01.01 22:28:01.180,1.81035,1.81141,1.00,1.00
2015.01.01 22:28:01.465,1.81028,1.81134,1.00,1.00
2015.01.01 22:28:01.566,1.81024,1.81135,1.00,1.00
2015.01.01 22:28:03.481,1.81013,1.81124,1.00,1.50
2015.01.01 22:28:03.782,1.81004,1.81089,1.00,1.00
2015.01.01 22:28:03.883,1.80976,1.81078,1.00,1.00
2015.01.01 22:28:03.984,1.80967,1.81069,1.00,1.00
2015.01.01 22:28:04.085,1.80957,1.8106,1.00,1.00
2015.01.01 22:28:04.185,1.80948,1.81044,1.00,1.00
2015.01.01 22:28:04.286,1.80933,1.81032,1.00,1.00
2015.01.01 22:28:04.387,1.80921,1.8102,1.00,1.00
2015.01.01 22:28:04.538,1.80909,1.81011,1.00,1.00
2015.01.01 22:28:04.638,1.809,1.81011,1.00,1.00
2015.01.01 22:28:04.689,1.8089,1.80999,1.50,1.00
2015.01.01 22:28:04.990,1.80861,1.80972,1.50,1.00
2015.01.01 22:28:05.091,1.80854,1.80963,1.00,1.00
2015.01.01 22:28:05.396,1.80828,1.80934,1.00,1.00
2015.01.01 22:28:05.548,1.80823,1.80934,1.00,1.00
2015.01.01 22:28:05.648,1.80822,1.80923,1.00,1.00
2015.01.01 22:28:05.749,1.80803,1.80912,1.00,1.00
2015.01.01 22:28:05.850,1.80793,1.80902,1.00,1.00
2015.01.01 22:28:06.158,1.8079,1.80889,1.00,1.00
2015.01.01 22:28:06.460,1.80784,1.80883,1.00,1.00
2015.01.01 22:28:07.572,1.8078,1.80879,1.00,1.00
2015.01.01 22:28:08.180,1.80783,1.80879,1.00,1.00
2015.01.01 22:28:08.281,1.80789,1.80888,1.00,1.00
2015.01.01 22:28:08.482,1.80794,1.80894,1.00,1.50
2015.01.01 22:28:08.736,1.80801,1.80899,1.00,1.00
2015.01.01 22:28:08.887,1.80806,1.80905,1.00,1.50
2015.01.01 22:28:09.139,1.80814,1.80911,1.00,1.00
2015.01.01 22:28:09.290,1.8082,1.80919,1.00,1.00
2015.01.01 22:28:09.491,1.8083,1.80927,1.00,1.00
2015.01.01 22:28:09.591,1.80836,1.80934,1.00,1.00
2015.01.01 22:28:09.692,1.80846,1.80942,1.00,1.00
2015.01.01 22:28:09.793,1.80854,1.80951,1.00,1.00
2015.01.01 22:28:10.095,1.80863,1.80962,1.00,1.00
2015.01.01 22:28:10.195,1.80874,1.80973,1.00,1.00
2015.01.01 22:28:10.497,1.80912,1.81009,1.00,1.50
2015.01.01 22:28:10.598,1.80917,1.81016,1.00,1.00
2015.01.01 22:28:11.390,1.80918,1.81015,1.50,1.00
2015.01.01 22:28:11.965,1.80917,1.81016,1.00,1.00
2015.01.01 22:28:16.208,1.80918,1.81015,1.50,1.00
2015.01.01 22:28:16.309,1.80934,1.81031,1.00,1.00
2015.01.01 22:28:16.410,1.80946,1.81045,1.00,1.00
2015.01.01 22:28:16.511,1.80958,1.81051,1.00,1.00
2015.01.01 22:28:16.561,1.80958,1.81057,1.00,1.00
2015.01.01 22:28:16.612,1.80971,1.81063,1.00,1.00
2015.01.01 22:28:16.662,1.80971,1.8107,1.00,1.00
2015.01.01 22:28:16.713,1.80978,1.81075,1.00,1.00
2015.01.01 22:28:17.014,1.80986,1.81082,1.00,1.00
2015.01.01 22:28:17.115,1.80994,1.81092,1.50,1.00
2015.01.01 22:28:17.216,1.81004,1.81101,1.00,1.00
2015.01.01 22:28:17.317,1.81013,1.81111,1.50,1.00
2015.01.01 22:28:17.468,1.81022,1.8112,1.50,1.00
2015.01.01 22:28:17.619,1.81043,1.81142,1.00,1.00
2015.01.01 22:28:17.719,1.81045,1.81141,1.00,1.00
2015.01.01 22:28:17.971,1.8105,1.81149,1.00,1.00
2015.01.01 22:28:19.866,1.8105,1.81146,1.00,1.00
2015.01.01 22:28:21.569,1.81043,1.8114,1.00,1.00
2015.01.01 22:28:21.770,1.81042,1.81136,1.00,1.00
2015.01.01 22:28:22.072,1.81042,1.8113,1.00,1.00
2015.01.01 22:28:22.173,1.81031,1.81131,1.00,1.00
2015.01.01 22:28:22.273,1.81031,1.81121,1.00,1.00
2015.01.01 22:28:22.608,1.81008,1.81098,1.00,1.00
2015.01.01 22:28:22.658,1.80998,1.81089,1.50,1.00
2015.01.01 22:28:22.759,1.8099,1.81078,1.00,1.00
2015.01.01 22:28:22.860,1.80979,1.8107,1.00,1.00
2015.01.01 22:28:23.162,1.8097,1.81061,1.00,1.00
2015.01.01 22:28:23.512,1.80959,1.81048,1.00,1.00
2015.01.01 22:28:23.814,1.80914,1.81002,1.00,1.00
2015.01.01 22:28:23.915,1.80907,1.80996,1.00,1.00
2015.01.01 22:28:24.016,1.809,1.80989,1.00,1.00
2015.01.01 22:28:24.217,1.80883,1.80973,1.00,1.00
2015.01.01 22:28:24.318,1.80874,1.80963,1.00,1.00
2015.01.01 22:28:24.419,1.80864,1.80955,1.00,1.00
2015.01.01 22:28:26.016,1.80856,1.80944,1.00,1.00
2015.01.01 22:28:26.117,1.80845,1.80936,1.00,1.00
2015.01.01 22:28:26.218,1.80836,1.80927,1.00,1.00
2015.01.01 22:28:27.628,1.808,1.8095,1.00,1.00
2015.01.01 22:28:30.305,1.80809,1.8095,1.00,1.00
2015.01.01 22:28:45.968,1.80811,1.80958,1.00,1.00
2015.01.01 22:28:46.861,1.80821,1.80967,1.00,1.00
2015.01.01 22:28:47.012,1.80832,1.8098,1.00,1.00
2015.01.01 22:28:47.062,1.80853,1.80998,1.00,1.00
2015.01.01 22:28:47.163,1.8087,1.81017,1.00,1.00
2015.01.01 22:28:47.264,1.8088,1.81025,1.00,1.00
2015.01.01 22:28:51.660,1.80912,1.81002,1.00,1.00
2015.01.01 22:28:51.811,1.80915,1.81006,1.00,1.00
2015.01.01 22:28:51.912,1.80935,1.81021,1.00,1.00
2015.01.01 22:28:51.962,1.80935,1.81024,1.00,1.00
2015.01.01 22:28:52.013,1.80951,1.81039,1.00,1.00
2015.01.01 22:28:52.114,1.80968,1.81059,1.00,1.00
2015.01.01 22:28:52.215,1.80987,1.81077,1.00,1.00
2015.01.01 22:28:52.416,1.81018,1.81109,1.00,1.00
2015.01.01 22:28:52.517,1.81031,1.81121,1.00,1.00
2015.01.01 22:28:52.831,1.81036,1.81126,1.00,1.00
2015.01.01 22:28:55.485,1.81033,1.81122,1.00,1.00
2015.01.01 22:28:55.795,1.81021,1.81109,1.00,1.00
2015.01.01 22:28:55.896,1.81012,1.81102,1.00,1.00
2015.01.01 22:28:56.648,1.81009,1.81096,1.00,1.00
2015.01.01 22:28:58.754,1.80989,1.81116,1.00,1.00
2015.01.01 22:28:58.805,1.80974,1.81124,1.50,1.00
2015.01.01 22:28:58.956,1.80974,1.81117,1.00,1.00
2015.01.01 22:28:59.057,1.80962,1.8111,1.00,1.50
2015.01.01 22:28:59.157,1.80956,1.81105,1.00,1.00
2015.01.01 22:28:59.258,1.80949,1.81096,1.00,1.00
2015.01.01 22:29:05.934,1.80943,1.81091,1.00,1.00
2015.01.01 22:29:17.067,1.80941,1.81083,1.00,1.00
2015.01.01 22:29:17.219,1.80922,1.8107,1.00,1.00
2015.01.01 22:29:17.371,1.8092,1.81055,1.00,1.00
2015.01.01 22:29:17.471,1.8088,1.81018,1.00,1.00
2015.01.01 22:29:17.572,1.80862,1.80995,1.00,1.00
2015.01.01 22:29:17.773,1.80828,1.80975,1.00,1.00
2015.01.01 22:29:17.874,1.80816,1.80955,1.00,1.00
2015.01.01 22:29:18.075,1.80803,1.80953,1.00,1.00
2015.01.01 22:29:18.126,1.80803,1.80953,1.37,1.00
2015.01.01 22:29:18.688,1.80803,1.80943,1.37,1.00
2015.01.01 22:29:21.427,1.80803,1.80943,1.00,1.00
2015.01.01 22:29:22.010,1.80803,1.80943,1.37,1.00
2015.01.01 22:29:22.506,1.80802,1.80952,1.87,1.00
2015.01.01 22:29:23.300,1.80809,1.80955,1.00,1.00
2015.01.01 22:29:33.817,1.8081,1.80955,1.00,1.00
2015.01.01 22:29:34.723,1.80811,1.80955,1.00,1.00
2015.01.01 22:29:35.261,1.8081,1.80955,1.00,1.00
2015.01.01 22:29:35.778,1.80811,1.80955,1.00,1.00
2015.01.01 22:29:36.835,1.8081,1.80955,1.00,1.00
2015.01.01 22:29:37.746,1.80809,1.80955,1.00,1.00
2015.01.01 22:29:38.108,1.80811,1.80959,1.00,1.00
2015.01.01 22:29:45.951,1.80814,1.80962,1.00,1.00
2015.01.01 22:29:59.078,1.80814,1.80963,1.00,1.00
2015.01.01 22:30:00.387,1.80821,1.80963,1.00,1.00
2015.01.01 22:30:01.489,1.80823,1.80963,1.00,1.00
2015.01.01 22:30:03.410,1.80824,1.80963,1.00,1.00
2015.01.01 22:30:05.317,1.80823,1.80963,1.00,1.00
2015.01.01 22:30:05.902,1.80822,1.80967,1.00,1.00
2015.01.01 22:30:07.057,1.80827,1.80967,1.00,1.00
2015.01.01 22:30:08.036,1.80828,1.80967,1.00,1.00
2015.01.01 22:30:08.354,1.80828,1.80967,1.37,1.00
2015.01.01 22:30:10.171,1.80825,1.80967,1.00,1.00
2015.01.01 22:30:11.567,1.80824,1.80967,1.00,1.00
2015.01.01 22:30:12.797,1.80823,1.80967,1.00,1.00
2015.01.01 22:30:13.377,1.80822,1.80967,1.00,1.00
2015.01.01 22:30:13.885,1.8082,1.80967,1.00,1.00
2015.01.01 22:30:14.298,1.80817,1.80967,1.50,1.00
2015.01.01 22:30:15.698,1.80818,1.80967,1.00,1.00
2015.01.01 22:30:16.304,1.80817,1.80967,1.50,1.00
2015.01.01 22:30:18.017,1.8082,1.80967,1.00,1.00
2015.01.01 22:30:20.739,1.80821,1.80967,1.00,1.00
2015.01.01 22:30:22.056,1.8082,1.80967,1.00,1.00
2015.01.01 22:30:22.568,1.80817,1.80967,1.00,1.00
2015.01.01 22:30:22.669,1.80822,1.80967,1.00,1.00
2015.01.01 22:30:22.987,1.80826,1.80967,1.00,1.00
2015.01.01 22:30:24.786,1.80829,1.80967,1.00,1.00
2015.01.01 22:30:25.528,1.80826,1.80967,1.00,1.00
2015.01.01 22:30:25.629,1.80817,1.80967,1.00,1.00
2015.01.01 22:30:25.795,1.80821,1.80967,1.00,1.00
2015.01.01 22:30:26.602,1.80822,1.80964,1.00,1.00
2015.01.01 22:30:27.617,1.80818,1.80964,1.00,1.00
2015.01.01 22:30:28.651,1.80819,1.80964,1.00,1.00
2015.01.01 22:30:29.562,1.80815,1.80964,1.00,1.00
2015.01.01 22:30:36.674,1.80815,1.80958,1.00,1.00
2015.01.01 22:30:40.113,1.80811,1.80959,1.37,1.00
2015.01.01 22:30:47.091,1.8081,1.80959,1.75,1.00
2015.01.01 22:30:51.128,1.80813,1.80959,1.37,1.00
2015.01.01 22:30:52.376,1.80813,1.80958,1.37,1.00
2015.01.01 22:30:52.987,1.80813,1.80959,1.37,1.00
2015.01.01 22:30:56.674,1.80814,1.80961,1.12,1.00
2015.01.01 22:30:58.717,1.80815,1.80961,1.00,1.00
2015.01.01 22:30:59.596,1.80813,1.80961,1.37,1.00
2015.01.01 22:31:00.539,1.80815,1.80961,1.00,1.00
2015.01.01 22:31:01.209,1.80813,1.80961,1.37,1.00
2015.01.01 22:31:02.656,1.80817,1.80961,1.75,1.00
2015.01.01 22:31:02.707,1.80838,1.80967,1.75,1.00
2015.01.01 22:31:02.808,1.80838,1.80977,1.00,1.00
2015.01.01 22:31:02.974,1.80838,1.80977,1.75,1.00
2015.01.01 22:31:03.075,1.80838,1.80977,1.00,1.00
2015.01.01 22:31:04.877,1.80832,1.80972,1.37,1.00
2015.01.01 22:31:05.243,1.80832,1.80972,1.75,1.00
2015.01.01 22:31:05.900,1.80832,1.80972,1.37,1.00
2015.01.01 22:31:06.625,1.80836,1.80971,1.12,1.00
2015.01.01 22:31:07.334,1.80832,1.80965,1.75,1.00
2015.01.01 22:31:07.435,1.80832,1.80972,1.75,1.00
2015.01.01 22:31:09.536,1.80833,1.80964,1.75,1.00
2015.01.01 22:31:12.097,1.80826,1.80975,1.75,1.00
2015.01.01 22:31:12.198,1.80827,1.80975,1.37,1.00
2015.01.01 22:31:12.249,1.80827,1.80968,1.37,1.00
2015.01.01 22:31:12.699,1.80833,1.80968,1.75,1.00
2015.01.01 22:31:13.401,1.80833,1.80975,1.75,1.00
2015.01.01 22:31:17.725,1.80833,1.80968,1.75,1.00
2015.01.01 22:31:18.136,1.80834,1.80973,1.75,1.00
2015.01.01 22:31:22.427,1.80826,1.80974,2.25,1.00
2015.01.01 22:31:22.528,1.80826,1.80974,1.87,1.00
2015.01.01 22:31:23.047,1.80826,1.80973,1.37,1.00
2015.01.01 22:31:23.565,1.80826,1.80967,1.37,1.00
2015.01.01 22:31:23.885,1.80831,1.80967,1.00,1.00
2015.01.01 22:31:24.597,1.80831,1.80967,1.75,1.00
2015.01.01 22:31:26.748,1.8083,1.80973,1.75,1.00
2015.01.01 22:31:26.848,1.8083,1.80971,1.75,1.00
2015.01.01 22:31:27.866,1.8083,1.80971,1.00,1.00
2015.01.01 22:31:27.924,1.8083,1.80971,1.75,1.00
2015.01.01 22:31:29.146,1.80832,1.8097,1.50,1.00
2015.01.01 22:31:30.066,1.80834,1.80979,1.37,1.00
2015.01.01 22:31:30.166,1.80836,1.80984,1.75,1.50
2015.01.01 22:31:30.267,1.80851,1.80988,1.12,1.00
2015.01.01 22:31:30.318,1.80851,1.80991,1.12,1.00
2015.01.01 22:31:30.368,1.80856,1.80991,1.00,1.00
2015.01.01 22:31:30.419,1.80856,1.81002,1.00,1.00
2015.01.01 22:31:30.519,1.80856,1.81005,1.00,1.00
2015.01.01 22:31:39.406,1.80858,1.81005,1.00,1.00
2015.01.01 22:31:39.607,1.80856,1.81005,1.00,1.00
2015.01.01 22:31:40.575,1.80857,1.81004,1.00,1.00
2015.01.01 22:31:40.625,1.80857,1.81004,1.75,1.00
2015.01.01 22:31:41.127,1.80856,1.81005,1.75,1.00
2015.01.01 22:31:41.189,1.80856,1.81005,1.00,1.00
2015.01.01 22:31:45.887,1.80856,1.81004,1.00,1.00
2015.01.01 22:31:48.189,1.80859,1.81005,1.00,1.00
2015.01.01 22:31:50.525,1.80856,1.81004,1.00,1.00
2015.01.01 22:31:51.095,1.80856,1.81005,1.00,1.00
2015.01.01 22:31:54.045,1.80855,1.81005,1.00,1.00
2015.01.01 22:31:55.355,1.80855,1.81005,1.37,1.00
2015.01.01 22:32:05.922,1.80854,1.81004,1.87,1.00
2015.01.01 22:32:08.832,1.80861,1.81004,1.00,1.00
2015.01.01 22:32:10.176,1.80854,1.81004,1.87,1.00
2015.01.01 22:32:11.569,1.80854,1.81004,1.75,1.00
2015.01.01 22:32:12.926,1.80854,1.81004,1.00,1.00
2015.01.01 22:32:13.027,1.80854,1.81004,1.50,1.00
2015.01.01 22:32:13.616,1.8086,1.81004,1.00,1.00
2015.01.01 22:32:14.685,1.80854,1.81004,1.50,1.00
2015.01.01 22:32:18.143,1.80854,1.81004,2.25,1.00
2015.01.01 22:32:20.150,1.80855,1.81004,1.50,1.00
2015.01.01 22:32:24.213,1.80854,1.81004,1.00,1.00
2015.01.01 22:32:24.314,1.80855,1.81005,1.75,1.00
2015.01.01 22:32:24.415,1.80855,1.81005,1.00,1.00
2015.01.01 22:32:31.086,1.80862,1.8101,1.00,1.00
2015.01.01 22:32:31.395,1.80862,1.8101,1.75,1.00
2015.01.01 22:32:31.988,1.80862,1.8101,1.00,1.00
2015.01.01 22:32:40.178,1.80862,1.8101,1.37,1.00
2015.01.01 22:32:43.808,1.80862,1.81009,1.37,1.00
2015.01.01 22:32:44.599,1.80862,1.8101,1.37,1.00
2015.01.01 22:32:45.931,1.80858,1.81006,1.75,1.00
2015.01.01 22:32:51.076,1.80858,1.81006,1.75,1.00
2015.01.01 22:32:51.177,1.80858,1.81006,1.37,1.00
2015.01.01 22:32:51.227,1.80858,1.81002,1.37,1.00
2015.01.01 22:32:55.743,1.80856,1.81003,1.75,1.00
2015.01.01 22:33:00.094,1.80856,1.81003,1.00,1.00
2015.01.01 22:33:01.144,1.80857,1.81003,1.75,1.00
2015.01.01 22:33:04.279,1.80857,1.81003,1.50,1.00
2015.01.01 22:33:08.174,1.8086,1.81003,1.00,1.00
2015.01.01 22:33:08.305,1.80857,1.81003,1.00,1.00
2015.01.01 22:33:16.675,1.80854,1.81001,1.37,1.00
2015.01.01 22:33:18.011,1.80882,1.8097,1.00,1.00
2015.01.01 22:33:36.019,1.80877,1.80968,1.00,1.00
2015.01.01 22:33:54.282,1.80874,1.80963,1.00,1.00
2015.01.01 22:34:10.981,1.80874,1.80965,1.00,1.00
2015.01.01 22:34:31.050,1.80875,1.80966,1.00,1.00
2015.01.01 22:34:34.193,1.8088,1.80969,1.00,1.00
2015.01.01 22:35:05.964,1.80874,1.80965,1.00,1.00
2015.01.01 22:35:45.861,1.80877,1.80966,1.00,1.00
2015.01.01 22:36:07.033,1.80882,1.80973,1.00,1.00
2015.01.01 22:36:25.919,1.80878,1.80969,1.00,1.00
2015.01.01 22:36:27.942,1.8087,1.80976,1.00,1.00
2015.01.01 22:36:41.918,1.80861,1.80968,1.00,1.00
2015.01.01 22:36:58.781,1.80855,1.80961,1.50,1.00
2015.01.01 22:37:16.602,1.80852,1.80958,1.00,1.00
2015.01.01 22:37:29.763,1.80852,1.80958,1.37,1.00
2015.01.01 22:37:30.371,1.80852,1.80958,1.00,1.00
2015.01.01 22:37:31.921,1.80852,1.80958,1.50,1.00
2015.01.01 22:37:31.971,1.80857,1.80963,1.12,1.50
2015.01.01 22:37:38.000,1.80837,1.80935,1.75,1.00
2015.01.01 22:37:38.101,1.8084,1.80943,1.50,1.00
2015.01.01 22:37:38.202,1.80853,1.80954,1.00,1.50
2015.01.01 22:37:38.792,1.80848,1.80955,1.75,1.50
2015.01.01 22:37:40.040,1.80849,1.80954,2.25,1.50
2015.01.01 22:37:40.590,1.80849,1.80954,2.25,1.50
2015.01.01 22:37:40.691,1.80848,1.80955,1.50,1.50
2015.01.01 22:37:43.505,1.80849,1.80954,1.87,1.00
2015.01.01 22:37:43.555,1.80849,1.80954,2.25,1.00
2015.01.01 22:37:44.440,1.80852,1.80959,1.37,1.00
2015.01.01 22:37:44.541,1.80852,1.80959,1.37,1.00
2015.01.01 22:37:44.591,1.80852,1.80959,1.75,1.00
2015.01.01 22:37:44.795,1.80852,1.80959,1.75,1.00
2015.01.01 22:37:45.804,1.80852,1.80959,1.37,1.00
2015.01.01 22:37:47.106,1.80852,1.80959,1.00,1.00
2015.01.01 22:37:48.314,1.80852,1.80959,1.37,1.00
2015.01.01 22:37:48.840,1.80852,1.80959,1.00,1.00
2015.01.01 22:37:48.991,1.80852,1.80959,1.75,1.00
2015.01.01 22:37:49.701,1.80852,1.80959,1.37,1.00
2015.01.01 22:37:50.235,1.80852,1.80959,1.00,1.00
2015.01.01 22:37:50.286,1.80849,1.80953,1.00,1.00
2015.01.01 22:37:56.811,1.80854,1.80958,1.00,1.00
2015.01.01 22:37:57.245,1.80854,1.80958,1.37,1.00
2015.01.01 22:37:58.977,1.80854,1.80958,1.00,1.00
2015.01.01 22:38:05.941,1.80847,1.80954,1.37,1.00
2015.01.01 22:38:10.007,1.80847,1.80954,1.37,1.00
2015.01.01 22:38:10.356,1.8085,1.80953,1.75,1.00
2015.01.01 22:38:12.116,1.80848,1.80954,1.75,1.00
2015.01.01 22:38:14.898,1.80847,1.80954,1.37,1.00
2015.01.01 22:38:14.999,1.80852,1.8096,1.00,1.00
2015.01.01 22:38:15.522,1.80852,1.8096,1.37,1.00
2015.01.01 22:38:15.623,1.80852,1.8096,1.00,1.00
2015.01.01 22:38:18.461,1.80845,1.80952,1.37,1.00
2015.01.01 22:38:18.763,1.80853,1.80959,1.00,1.00
2015.01.01 22:38:19.259,1.80847,1.80953,1.00,1.00
2015.01.01 22:38:21.792,1.80853,1.80958,1.00,1.00
2015.01.01 22:38:21.893,1.80845,1.80952,1.00,1.00
2015.01.01 22:38:23.662,1.80853,1.80951,1.00,1.00
2015.01.01 22:38:23.864,1.80845,1.80952,1.37,1.00
2015.01.01 22:38:25.784,1.8085,1.80952,1.75,1.00
2015.01.01 22:38:27.908,1.80846,1.80952,1.00,1.00
2015.01.01 22:38:28.429,1.80845,1.80952,1.00,1.00
2015.01.01 22:38:40.230,1.80841,1.80948,1.37,1.00
2015.01.01 22:38:44.683,1.8085,1.80957,1.00,1.50
2015.01.01 22:38:44.884,1.80841,1.80948,1.37,1.00
2015.01.01 22:38:46.604,1.80846,1.80948,1.00,1.00
2015.01.01 22:38:46.907,1.80841,1.80948,1.00,1.00
2015.01.01 22:38:46.958,1.80841,1.80948,1.37,1.00
2015.01.01 22:38:47.448,1.80841,1.80948,1.00,1.00
2015.01.01 22:38:48.378,1.80843,1.80947,1.00,1.00
2015.01.01 22:38:48.693,1.80842,1.80948,1.75,1.00
2015.01.01 22:38:48.793,1.80841,1.80948,1.00,1.00
2015.01.01 22:38:48.900,1.80851,1.80957,1.00,1.50
2015.01.01 22:38:49.202,1.80838,1.80945,1.37,1.00
2015.01.01 22:38:51.502,1.80845,1.80952,1.00,1.00
2015.01.01 22:38:51.753,1.80853,1.80958,1.00,1.00
2015.01.01 22:38:52.055,1.80848,1.80952,1.00,1.00
2015.01.01 22:38:52.156,1.80845,1.80952,1.00,1.00
2015.01.01 22:38:52.780,1.80848,1.80952,1.00,1.00
2015.01.01 22:38:52.880,1.80853,1.80958,1.00,1.00
2015.01.01 22:38:52.934,1.80847,1.80954,1.37,1.50
2015.01.01 22:38:53.698,1.80847,1.80954,1.00,1.50
2015.01.01 22:38:54.660,1.80837,1.80944,1.00,1.00
2015.01.01 22:38:54.962,1.80845,1.80951,1.37,1.00
2015.01.01 22:38:55.213,1.80845,1.80951,1.00,1.00
2015.01.01 22:38:56.181,1.80845,1.80951,1.37,1.00
2015.01.01 22:38:56.270,1.80845,1.80951,1.00,1.00
2015.01.01 22:38:56.366,1.80837,1.80944,1.00,1.00
2015.01.01 22:39:04.169,1.80837,1.80944,1.75,1.00
2015.01.01 22:39:04.426,1.80842,1.80948,1.50,1.00
2015.01.01 22:39:04.527,1.80842,1.80948,1.00,1.00
2015.01.01 22:39:05.391,1.80842,1.80948,1.37,1.00
2015.01.01 22:39:06.958,1.80842,1.80948,1.75,1.00
2015.01.01 22:39:07.469,1.80843,1.80947,1.75,1.00
2015.01.01 22:39:07.638,1.80843,1.80947,1.00,1.00
2015.01.01 22:39:11.048,1.80837,1.80942,1.87,1.00
2015.01.01 22:39:13.588,1.80836,1.80943,1.50,1.00
2015.01.01 22:39:23.258,1.80836,1.80943,1.75,1.00
2015.01.01 22:39:23.359,1.80841,1.80942,1.00,1.00
2015.01.01 22:39:23.560,1.80842,1.80943,1.75,1.00
2015.01.01 22:39:24.276,1.80836,1.80943,1.00,1.00
2015.01.01 22:39:26.132,1.80835,1.80941,1.00,1.00
2015.01.01 22:39:26.567,1.80835,1.80941,1.37,1.00
2015.01.01 22:39:26.738,1.80841,1.80947,1.00,1.00
2015.01.01 22:39:27.409,1.80841,1.80947,1.75,1.00
2015.01.01 22:39:27.560,1.80849,1.80955,2.25,1.00
2015.01.01 22:39:29.528,1.80849,1.80946,1.75,1.00
2015.01.01 22:39:29.830,1.80849,1.80946,1.00,1.00
2015.01.01 22:39:29.930,1.8084,1.80946,1.00,1.50
2015.01.01 22:39:30.031,1.80843,1.80946,1.00,1.50
2015.01.01 22:39:32.251,1.8084,1.80946,1.00,1.50
2015.01.01 22:39:34.289,1.80834,1.8094,3.00,1.00
2015.01.01 22:39:36.398,1.8084,1.80945,1.00,1.00
2015.01.01 22:39:36.791,1.80842,1.80945,1.00,1.00
2015.01.01 22:39:37.097,1.80838,1.80944,1.00,1.00
2015.01.01 22:39:37.656,1.80839,1.80944,1.00,1.00
2015.01.01 22:39:38.158,1.80838,1.80944,1.00,1.00
2015.01.01 22:39:41.130,1.80838,1.80944,1.75,1.00
2015.01.01 22:39:41.231,1.80839,1.80943,1.00,1.00
2015.01.01 22:39:41.332,1.80839,1.80943,1.75,1.00
2015.01.01 22:39:41.848,1.80844,1.80944,1.75,1.00
2015.01.01 22:39:42.080,1.80838,1.80944,1.00,1.00
2015.01.01 22:39:42.498,1.80834,1.80938,2.62,1.00
2015.01.01 22:39:42.700,1.80842,1.80946,1.50,1.50
2015.01.01 22:39:42.958,1.80842,1.80946,2.25,1.50
2015.01.01 22:39:43.836,1.80842,1.80946,1.50,1.50
2015.01.01 22:39:44.038,1.80841,1.80947,2.25,1.00
2015.01.01 22:39:44.346,1.80841,1.80947,1.00,1.00
2015.01.01 22:39:44.547,1.80839,1.80939,1.75,1.00
2015.01.01 22:39:47.451,1.80843,1.80949,1.37,1.00
2015.01.01 22:39:47.552,1.80844,1.80942,1.37,1.00
2015.01.01 22:39:47.654,1.80838,1.80943,1.00,1.00
2015.01.01 22:39:47.755,1.8084,1.80943,1.75,1.00
2015.01.01 22:39:47.957,1.80845,1.80949,1.37,1.00
2015.01.01 22:39:50.277,1.80841,1.80942,1.50,1.00
2015.01.01 22:39:51.187,1.80836,1.80943,1.75,1.00
2015.01.01 22:39:51.678,1.80847,1.80948,1.00,1.00
2015.01.01 22:39:53.287,1.80842,1.80949,1.37,1.00
2015.01.01 22:39:53.863,1.80843,1.80948,1.37,1.00
2015.01.01 22:39:54.528,1.80847,1.80949,1.00,1.00
2015.01.01 22:39:55.399,1.80842,1.80949,1.37,1.00
2015.01.01 22:39:55.677,1.80838,1.80942,1.75,1.00
2015.01.01 22:39:56.628,1.80843,1.80949,1.37,1.00
2015.01.01 22:39:56.729,1.80839,1.80944,1.75,1.50
2015.01.01 22:39:57.239,1.80846,1.80952,1.12,1.00
2015.01.01 22:39:58.044,1.80844,1.80945,1.37,1.00
2015.01.01 22:39:58.807,1.80846,1.80952,1.12,1.00
2015.01.01 22:39:59.022,1.80845,1.80945,1.37,1.00
2015.01.01 22:39:59.410,1.80841,1.80945,1.37,1.00
2015.01.01 22:39:59.613,1.80846,1.80946,1.00,1.00
2015.01.01 22:39:59.827,1.8084,1.80946,1.37,1.00
2015.01.01 22:40:00.018,1.80845,1.80946,1.00,1.00
2015.01.01 22:40:00.119,1.80847,1.80951,1.00,1.00
2015.01.01 22:40:00.548,1.80845,1.80944,1.00,1.00
2015.01.01 22:40:01.231,1.80838,1.80944,1.50,1.00
2015.01.01 22:40:01.842,1.80846,1.80952,1.00,1.00
2015.01.01 22:40:01.943,1.80848,1.80952,1.00,1.00
2015.01.01 22:40:02.281,1.80848,1.80952,1.75,1.00
2015.01.01 22:40:02.629,1.80849,1.80944,1.00,1.00
2015.01.01 22:40:02.730,1.80838,1.80945,2.25,1.00
2015.01.01 22:40:03.056,1.80848,1.80951,1.00,1.00
2015.01.01 22:40:03.106,1.80848,1.80951,1.75,1.00
2015.01.01 22:40:03.207,1.80848,1.80951,1.00,1.00
2015.01.01 22:40:03.308,1.80848,1.80951,1.75,1.00
2015.01.01 22:40:03.679,1.80838,1.80945,2.25,1.00
2015.01.01 22:40:03.729,1.80838,1.80945,1.87,1.00
2015.01.01 22:40:05.649,1.80838,1.80945,1.75,1.00
2015.01.01 22:40:05.800,1.80851,1.8095,1.75,1.00
2015.01.01 22:40:06.269,1.80838,1.80944,1.75,1.00
2015.01.01 22:40:06.470,1.80838,1.80944,1.37,1.00
2015.01.01 22:40:07.047,1.80837,1.80943,1.37,1.00
2015.01.01 22:40:07.097,1.80844,1.80948,1.00,1.00
2015.01.01 22:40:07.452,1.80852,1.80949,1.37,1.00
2015.01.01 22:40:07.698,1.80844,1.80948,1.00,1.00
2015.01.01 22:40:07.756,1.80844,1.80948,1.75,1.00
2015.01.01 22:40:08.259,1.80843,1.80947,1.00,1.00
2015.01.01 22:40:09.088,1.80844,1.80948,1.00,1.00
2015.01.01 22:40:09.219,1.80849,1.80955,1.00,1.00
2015.01.01 22:40:09.332,1.80845,1.80948,1.37,1.00
2015.01.01 22:40:11.841,1.80843,1.80947,1.50,1.00
2015.01.01 22:40:12.145,1.80836,1.80944,1.75,1.00
2015.01.01 22:40:12.246,1.80849,1.80947,1.00,1.00
2015.01.01 22:40:12.346,1.80849,1.80949,1.00,1.00
2015.01.01 22:40:12.953,1.80843,1.80949,1.00,1.00
2015.01.01 22:40:13.020,1.8084,1.80945,1.00,1.00
2015.01.01 22:40:13.528,1.80844,1.80944,1.75,1.00
2015.01.01 22:40:14.161,1.8084,1.80945,1.75,1.00
2015.01.01 22:40:14.620,1.8084,1.80945,1.00,1.00
2015.01.01 22:40:15.875,1.80837,1.8094,1.00,1.00
2015.01.01 22:40:16.207,1.80844,1.80946,1.00,1.00
2015.01.01 22:40:16.514,1.80844,1.80946,1.75,1.00
2015.01.01 22:40:17.451,1.80837,1.80943,2.25,1.00
2015.01.01 22:40:18.588,1.80837,1.80943,1.50,1.00
2015.01.01 22:40:18.753,1.80837,1.80943,2.25,1.00
2015.01.01 22:40:18.955,1.80837,1.80943,1.50,1.00
2015.01.01 22:40:19.006,1.8084,1.80943,1.00,1.00
2015.01.01 22:40:19.106,1.80843,1.80949,1.00,1.00
2015.01.01 22:40:19.364,1.80836,1.80941,1.00,1.00
2015.01.01 22:40:20.501,1.80842,1.80948,1.75,1.50
2015.01.01 22:40:20.601,1.80842,1.80948,1.00,1.50
2015.01.01 22:40:20.661,1.80842,1.80948,1.37,1.50
2015.01.01 22:40:22.192,1.80834,1.80937,2.25,1.00
2015.01.01 22:40:22.293,1.8084,1.80946,1.00,1.00
2015.01.01 22:40:22.393,1.80843,1.80946,1.00,1.00
2015.01.01 22:40:22.494,1.8084,1.80946,1.00,1.00
2015.01.01 22:40:23.594,1.80835,1.80937,2.62,1.00
2015.01.01 22:40:23.896,1.80839,1.80945,1.00,1.00
2015.01.01 22:40:24.097,1.80839,1.80945,1.75,1.00
2015.01.01 22:40:24.352,1.80839,1.80945,1.00,1.00
2015.01.01 22:40:24.453,1.80839,1.80945,1.75,1.00
2015.01.01 22:40:24.873,1.80839,1.80945,1.00,1.00
2015.01.01 22:40:24.923,1.80834,1.80938,2.25,1.00
2015.01.01 22:40:25.229,1.80838,1.80945,1.75,1.00
2015.01.01 22:40:25.333,1.80838,1.80945,1.00,1.00
2015.01.01 22:40:26.558,1.80838,1.80945,1.75,1.00
2015.01.01 22:40:26.778,1.80838,1.80945,1.00,1.00
2015.01.01 22:40:26.949,1.80838,1.80945,1.75,1.00
2015.01.01 22:40:27.152,1.80838,1.80945,1.00,1.00
2015.01.01 22:40:27.202,1.80841,1.80945,1.00,1.00
2015.01.01 22:40:27.505,1.80838,1.80943,1.75,1.00
2015.01.01 22:40:27.857,1.80838,1.80943,1.00,1.00
2015.01.01 22:40:27.958,1.80838,1.80943,1.75,1.00
2015.01.01 22:40:28.160,1.80837,1.80943,1.00,1.00
2015.01.01 22:40:28.417,1.80846,1.80948,1.00,1.00
2015.01.01 22:40:29.088,1.80846,1.80952,1.00,1.00
2015.01.01 22:40:29.290,1.80837,1.80943,1.75,1.00
2015.01.01 22:40:29.460,1.80837,1.80943,1.00,1.00
2015.01.01 22:40:33.411,1.80837,1.80943,1.75,1.00
2015.01.01 22:40:33.715,1.80846,1.80943,1.00,1.00
2015.01.01 22:40:34.029,1.80845,1.80951,1.00,1.00
2015.01.01 22:40:34.130,1.80837,1.80943,1.50,1.00
2015.01.01 22:40:35.687,1.80837,1.80943,1.75,1.00
2015.01.01 22:40:35.838,1.80844,1.8095,1.75,1.00
2015.01.01 22:40:36.949,1.80837,1.80943,1.75,1.00
2015.01.01 22:40:37.490,1.80837,1.80943,1.37,1.00
2015.01.01 22:40:37.541,1.80835,1.80936,2.62,1.00
2015.01.01 22:40:38.962,1.80835,1.80936,2.25,1.00
2015.01.01 22:40:39.013,1.80835,1.8093,2.25,1.00
2015.01.01 22:40:39.314,1.8084,1.80928,1.37,1.00
2015.01.01 22:40:39.365,1.80845,1.80951,1.00,1.00
2015.01.01 22:40:39.648,1.80852,1.8095,1.00,1.00
2015.01.01 22:40:39.749,1.80854,1.8096,1.00,1.00
2015.01.01 22:40:39.865,1.80854,1.8096,1.37,1.00
2015.01.01 22:40:43.338,1.80854,1.8096,1.00,1.00
2015.01.01 22:40:48.910,1.80851,1.80953,1.00,1.00
2015.01.01 22:40:49.011,1.80847,1.80953,1.00,1.00
2015.01.01 22:41:02.342,1.80847,1.80953,1.75,1.00
2015.01.01 22:41:02.750,1.80853,1.80958,1.37,1.00
2015.01.01 22:41:02.801,1.80853,1.80958,1.00,1.00
2015.01.01 22:41:02.927,1.80846,1.8095,1.00,1.00
2015.01.01 22:41:05.979,1.80839,1.80945,1.50,1.00
2015.01.01 22:41:12.978,1.80844,1.80945,1.75,1.00
2015.01.01 22:41:13.079,1.80848,1.80954,1.37,1.00
2015.01.01 22:41:13.857,1.80848,1.80954,1.00,1.00
2015.01.01 22:41:13.958,1.80843,1.80947,1.00,1.00
2015.01.01 22:41:14.560,1.80851,1.80955,1.00,1.00
2015.01.01 22:41:14.661,1.80842,1.80948,1.00,1.00
2015.01.01 22:41:14.863,1.80842,1.80948,1.75,1.00
2015.01.01 22:41:15.567,1.80849,1.80953,1.37,1.00
2015.01.01 22:41:15.668,1.80843,1.80947,1.75,1.00
2015.01.01 22:41:23.030,1.80834,1.80937,2.25,1.00
2015.01.01 22:41:25.903,1.80835,1.8093,2.25,1.00
2015.01.01 22:41:27.657,1.80834,1.80937,2.25,1.00
2015.01.01 22:41:28.145,1.80835,1.8093,2.25,1.00
2015.01.01 22:41:31.631,1.80852,1.8093,1.00,1.00
2015.01.01 22:41:33.047,1.80852,1.80938,1.00,1.00
2015.01.01 22:41:34.662,1.80851,1.80932,1.00,1.00
2015.01.01 22:41:38.788,1.80851,1.80942,1.00,1.00
2015.01.01 22:41:39.108,1.80852,1.8093,1.00,1.00
2015.01.01 22:41:40.938,1.80852,1.80938,1.00,1.00
2015.01.01 22:41:41.096,1.80852,1.80932,1.00,1.00
2015.01.01 22:41:43.117,1.80851,1.80939,1.00,1.00
2015.01.01 22:41:43.218,1.80852,1.80952,1.00,1.00
2015.01.01 22:41:44.004,1.80851,1.80939,1.00,1.00
2015.01.01 22:41:44.318,1.80851,1.80932,1.00,1.00
2015.01.01 22:42:02.376,1.80851,1.80938,1.00,1.00
2015.01.01 22:42:02.477,1.80851,1.80932,1.00,1.00
2015.01.01 22:42:04.076,1.80851,1.8094,1.00,1.00
2015.01.01 22:42:05.019,1.80851,1.80927,1.00,1.00
2015.01.01 22:42:07.111,1.80851,1.80935,1.00,1.00
2015.01.01 22:42:08.019,1.80851,1.80912,1.00,1.00
2015.01.01 22:42:08.196,1.80851,1.80929,1.00,1.00
2015.01.01 22:42:08.297,1.80852,1.80937,1.00,1.00
2015.01.01 22:42:08.401,1.80852,1.80944,1.00,1.00
2015.01.01 22:42:10.016,1.80851,1.8093,1.00,1.00
2015.01.01 22:42:25.935,1.80851,1.80929,1.00,1.00
2015.01.01 22:42:30.155,1.80852,1.80936,1.00,1.00
2015.01.01 22:42:31.053,1.80851,1.80926,1.00,1.00
2015.01.01 22:42:33.190,1.80806,1.80912,1.75,1.00
2015.01.01 22:42:38.297,1.80817,1.80911,1.75,1.00
2015.01.01 22:42:41.103,1.80817,1.80911,1.00,1.00
2015.01.01 22:42:43.109,1.8082,1.8091,1.00,1.00
2015.01.01 22:42:47.333,1.80816,1.80912,1.00,1.00
2015.01.01 22:42:48.706,1.8082,1.80912,1.44,1.00
2015.01.01 22:42:50.764,1.80821,1.80909,1.44,1.00
2015.01.01 22:42:51.621,1.80812,1.80905,1.00,1.00
2015.01.01 22:42:51.672,1.80801,1.80905,1.50,1.00
2015.01.01 22:42:51.722,1.80801,1.80886,1.00,1.00
2015.01.01 22:42:51.773,1.80785,1.80886,1.12,1.00
2015.01.01 22:42:51.874,1.80787,1.80886,1.00,1.00
2015.01.01 22:42:52.075,1.80773,1.80879,1.00,1.00
2015.01.01 22:42:53.093,1.80773,1.80869,1.00,1.00
2015.01.01 22:42:53.144,1.80754,1.80856,1.50,1.00
2015.01.01 22:42:53.248,1.80738,1.80845,1.75,1.00
2015.01.01 22:43:04.538,1.80748,1.80845,1.00,1.00
2015.01.01 22:43:16.618,1.80748,1.80849,1.00,1.00
2015.01.01 22:43:36.366,1.80748,1.80851,1.00,1.00
2015.01.01 22:43:45.916,1.80748,1.80844,1.00,1.00
2015.01.01 22:43:53.311,1.80748,1.80845,1.00,1.00
2015.01.01 22:43:55.675,1.80749,1.80845,1.00,1.00
2015.01.01 22:43:57.216,1.80748,1.80845,1.00,1.00
2015.01.01 22:44:04.151,1.80748,1.80842,1.00,1.00
2015.01.01 22:44:37.604,1.80738,1.80837,1.00,1.00
2015.01.01 22:44:39.343,1.80735,1.80832,1.00,1.00
2015.01.01 22:44:40.923,1.80738,1.80837,1.00,1.00
2015.01.01 22:44:47.973,1.80743,1.80838,1.00,1.00
2015.01.01 22:44:53.554,1.80739,1.80836,1.00,1.00
2015.01.01 22:44:53.654,1.80743,1.80838,1.00,1.00
2015.01.01 22:45:10.854,1.80732,1.80826,1.00,1.00
2015.01.01 22:45:15.864,1.80732,1.80827,1.00,1.00
2015.01.01 22:45:25.924,1.80737,1.80827,1.00,1.00
2015.01.01 22:45:34.017,1.80737,1.80826,1.00,1.00
2015.01.01 22:45:38.684,1.80738,1.80837,1.00,1.00
2015.01.01 22:45:38.885,1.80737,1.80841,1.00,1.00
2015.01.01 22:45:43.856,1.80731,1.80842,1.87,1.00
2015.01.01 22:45:57.960,1.8073,1.80842,1.00,1.00
2015.01.01 22:46:04.753,1.80724,1.80841,1.00,1.00
2015.01.01 22:46:25.857,1.80725,1.80841,1.00,1.00
2015.01.01 22:46:30.442,1.80725,1.80832,1.00,1.30
2015.01.01 22:46:33.082,1.80725,1.80833,1.00,1.30
2015.01.01 22:46:34.866,1.80725,1.80832,1.00,1.30
2015.01.01 22:46:35.490,1.80725,1.80833,1.00,1.30
2015.01.01 22:46:36.827,1.80725,1.80832,1.00,1.30
2015.01.01 22:46:37.285,1.80719,1.80829,1.00,1.30
2015.01.01 22:46:38.398,1.80719,1.80828,1.00,1.30
2015.01.01 22:46:39.283,1.80719,1.80826,1.00,1.30
2015.01.01 22:46:41.112,1.80719,1.80825,1.00,1.30
2015.01.01 22:46:41.632,1.8072,1.80825,1.00,1.30
2015.01.01 22:46:42.182,1.8072,1.80826,1.00,1.30
2015.01.01 22:46:43.129,1.80713,1.80826,2.10,1.30
2015.01.01 22:46:43.229,1.80713,1.8082,1.00,1.00
2015.01.01 22:46:43.531,1.80713,1.80813,1.00,1.00
2015.01.01 22:46:43.863,1.80706,1.80813,1.30,1.00
2015.01.01 22:46:44.316,1.80714,1.80813,1.00,1.00
2015.01.01 22:46:48.283,1.80714,1.80818,1.00,1.00
2015.01.01 22:46:55.890,1.80714,1.80822,1.00,1.00
2015.01.01 22:46:57.832,1.80709,1.80822,2.47,1.72
2015.01.01 22:47:00.032,1.80709,1.80821,1.50,1.30
2015.01.01 22:47:00.744,1.80709,1.80822,1.50,1.00
2015.01.01 22:47:03.461,1.8071,1.80822,1.30,1.00
2015.01.01 22:47:04.082,1.8071,1.80824,1.30,1.30
2015.01.01 22:47:04.321,1.80709,1.80822,1.72,1.30
2015.01.01 22:47:04.652,1.80709,1.80825,1.72,1.72
2015.01.01 22:47:07.278,1.80709,1.80825,2.10,1.72
2015.01.01 22:47:07.611,1.80709,1.80825,1.00,1.00
2015.01.01 22:47:09.751,1.80709,1.80822,1.00,1.30
2015.01.01 22:47:10.057,1.80718,1.80821,1.00,1.30
2015.01.01 22:47:10.159,1.80713,1.80825,1.00,1.00
2015.01.01 22:47:10.412,1.80718,1.80825,1.00,1.00
2015.01.01 22:47:10.714,1.80718,1.80815,1.00,1.30
2015.01.01 22:47:11.142,1.80718,1.80818,1.00,1.00
2015.01.01 22:47:11.472,1.80718,1.80815,1.00,1.30
2015.01.01 22:47:17.631,1.80718,1.80817,1.00,1.30
2015.01.01 22:47:20.735,1.80718,1.80814,1.00,1.30
2015.01.01 22:47:20.835,1.80718,1.80817,1.00,1.30
2015.01.01 22:47:21.852,1.80718,1.80815,1.00,1.30
2015.01.01 22:47:22.141,1.80718,1.80817,1.00,1.30
2015.01.01 22:47:23.901,1.80718,1.80815,1.00,1.30
2015.01.01 22:47:24.231,1.80718,1.80817,1.00,1.30
2015.01.01 22:47:25.200,1.80718,1.80815,1.00,1.30
2015.01.01 22:47:28.412,1.80718,1.80814,1.00,1.30
2015.01.01 22:47:28.651,1.80718,1.80816,1.00,1.30
2015.01.01 22:47:29.432,1.80718,1.80817,1.00,1.30
2015.01.01 22:47:34.593,1.80718,1.80815,1.00,1.30
2015.01.01 22:47:34.951,1.80718,1.80817,1.00,1.30
2015.01.01 22:47:35.153,1.80718,1.80821,1.00,1.00
2015.01.01 22:47:35.492,1.80718,1.80817,1.00,1.30
2015.01.01 22:47:36.111,1.80718,1.80815,1.00,1.30
2015.01.01 22:47:37.431,1.80718,1.80817,1.00,1.30
2015.01.01 22:47:38.237,1.80718,1.80816,1.00,1.30
2015.01.01 22:47:39.098,1.80718,1.80814,1.00,1.30
2015.01.01 22:47:42.176,1.80718,1.80821,1.00,1.00
2015.01.01 22:47:42.530,1.80718,1.80816,1.00,1.30
2015.01.01 22:47:42.902,1.80718,1.80814,1.00,1.30
2015.01.01 22:47:44.045,1.80718,1.80812,1.00,1.30
2015.01.01 22:47:44.146,1.80718,1.80818,1.00,1.00
2015.01.01 22:47:44.472,1.80718,1.80813,1.00,1.30
2015.01.01 22:47:45.812,1.80718,1.80811,1.00,1.30
2015.01.01 22:47:46.321,1.80718,1.80812,1.00,1.30
2015.01.01 22:47:48.242,1.80708,1.80812,1.00,1.30
2015.01.01 22:47:48.792,1.80708,1.80811,1.00,1.30
2015.01.01 22:47:50.109,1.80708,1.80812,1.00,1.30
2015.01.01 22:47:50.615,1.80708,1.80813,1.00,1.30
2015.01.01 22:47:50.867,1.80708,1.80811,1.00,1.30
2015.01.01 22:47:52.952,1.80708,1.80818,1.00,1.00
2015.01.01 22:47:53.290,1.80708,1.80811,1.00,1.30
2015.01.01 22:47:53.931,1.80708,1.8081,1.00,1.30
2015.01.01 22:47:55.012,1.80709,1.80809,1.00,1.30
2015.01.01 22:47:55.510,1.80709,1.80811,1.00,1.30
2015.01.01 22:47:57.169,1.80709,1.8081,1.00,1.30
2015.01.01 22:47:59.450,1.80709,1.80811,1.00,1.30
2015.01.01 22:48:00.221,1.80709,1.80812,1.00,1.30
2015.01.01 22:48:01.252,1.80709,1.8081,1.00,1.30
2015.01.01 22:48:01.762,1.80709,1.80812,1.00,1.30
2015.01.01 22:48:04.730,1.80709,1.80814,1.00,1.30
2015.01.01 22:48:06.295,1.80709,1.80815,1.00,1.30
2015.01.01 22:48:06.820,1.80709,1.80814,1.00,1.30
2015.01.01 22:48:09.570,1.80709,1.80812,1.00,1.30
2015.01.01 22:48:11.261,1.80709,1.80811,1.00,1.30
2015.01.01 22:48:11.441,1.80709,1.80819,1.00,1.00
2015.01.01 22:48:11.802,1.80709,1.80812,1.00,1.30
2015.01.01 22:48:12.432,1.80709,1.8081,1.00,1.30
2015.01.01 22:48:13.442,1.80709,1.80811,1.00,1.30
2015.01.01 22:48:14.673,1.80709,1.80812,1.00,1.30
2015.01.01 22:48:15.051,1.80709,1.8081,1.00,1.30
2015.01.01 22:48:15.290,1.80709,1.80812,1.00,1.30
2015.01.01 22:48:16.390,1.80709,1.80811,1.00,1.30
2015.01.01 22:48:17.444,1.80709,1.80812,1.00,1.30
2015.01.01 22:48:18.901,1.80713,1.80812,1.00,1.30
2015.01.01 22:48:18.952,1.80713,1.80819,1.00,1.00
2015.01.01 22:48:19.250,1.80713,1.80817,1.00,1.30
2015.01.01 22:48:26.089,1.80713,1.80816,1.00,1.30
2015.01.01 22:48:26.443,1.80713,1.80818,1.00,1.30
2015.01.01 22:48:30.480,1.80713,1.80817,1.00,1.30
2015.01.01 22:48:34.012,1.80713,1.80816,1.00,1.30
2015.01.01 22:48:34.921,1.80713,1.80817,1.00,1.30
2015.01.01 22:48:35.424,1.80713,1.80816,1.00,1.30
2015.01.01 22:48:39.379,1.80713,1.80818,1.00,1.30
2015.01.01 22:48:45.783,1.80713,1.80815,1.00,1.30
2015.01.01 22:48:46.108,1.80713,1.80817,1.00,1.30
2015.01.01 22:48:47.123,1.80713,1.80818,1.00,1.30
2015.01.01 22:48:47.232,1.80713,1.80816,1.00,1.30
2015.01.01 22:48:47.984,1.80713,1.80819,1.00,1.72
2015.01.01 22:48:48.501,1.80713,1.80818,1.00,1.30
2015.01.01 22:48:49.305,1.80713,1.80817,1.00,1.30
2015.01.01 22:48:50.710,1.80713,1.80816,1.00,1.30
2015.01.01 22:48:51.734,1.80713,1.80817,1.00,1.30
2015.01.01 22:48:53.049,1.80713,1.80816,1.00,1.30
2015.01.01 22:48:56.021,1.80713,1.80818,1.00,1.30
2015.01.01 22:48:56.523,1.80713,1.80819,1.00,1.72
2015.01.01 22:48:59.179,1.80713,1.80818,1.00,1.30
2015.01.01 22:49:02.259,1.80713,1.80816,1.00,1.30
2015.01.01 22:49:05.009,1.80713,1.80817,1.00,1.30
2015.01.01 22:49:05.620,1.80713,1.80818,1.00,1.30
2015.01.01 22:49:06.989,1.80713,1.80817,1.00,1.30
2015.01.01 22:49:09.299,1.80713,1.80818,1.00,1.30
2015.01.01 22:49:13.919,1.80713,1.80822,1.00,1.00
2015.01.01 22:49:14.256,1.80713,1.80819,1.00,1.30
2015.01.01 22:49:14.579,1.80713,1.80821,1.00,1.30
2015.01.01 22:49:16.933,1.80713,1.80822,1.00,1.72
2015.01.01 22:49:18.097,1.80713,1.80821,1.00,1.30
2015.01.01 22:49:18.745,1.80713,1.8082,1.00,1.30
2015.01.01 22:49:19.249,1.80713,1.80821,1.00,1.30
2015.01.01 22:49:22.939,1.80713,1.80822,1.00,1.00
2015.01.01 22:49:30.969,1.80713,1.80821,1.00,1.30
2015.01.01 22:49:31.519,1.80713,1.80822,1.00,1.30
2015.01.01 22:49:33.258,1.80723,1.80822,1.00,1.30
2015.01.01 22:49:34.206,1.80723,1.80821,1.00,1.30
2015.01.01 22:49:34.649,1.80723,1.80825,1.00,1.00
2015.01.01 22:49:34.951,1.80723,1.8082,1.00,1.30
2015.01.01 22:49:35.510,1.80723,1.80821,1.00,1.30
2015.01.01 22:49:38.155,1.80723,1.80822,1.00,1.30
2015.01.01 22:49:39.366,1.80723,1.80823,1.00,1.30
2015.01.01 22:49:40.099,1.80723,1.80822,1.00,1.30
2015.01.01 22:49:40.759,1.80723,1.80823,1.00,1.30
2015.01.01 22:49:41.308,1.80723,1.80822,1.00,1.30
2015.01.01 22:49:42.848,1.80723,1.80823,1.00,1.30
2015.01.01 22:49:43.747,1.80723,1.80822,1.00,1.30
2015.01.01 22:49:44.521,1.80723,1.80824,1.00,1.30
2015.01.01 22:49:45.126,1.80723,1.80823,1.00,1.30
2015.01.01 22:49:45.659,1.80723,1.80824,1.00,1.30
2015.01.01 22:49:46.589,1.80723,1.80821,1.00,1.30
2015.01.01 22:49:47.360,1.80723,1.80822,1.00,1.30
2015.01.01 22:49:48.569,1.80723,1.80817,1.00,1.30
2015.01.01 22:49:48.921,1.80723,1.80822,1.00,1.30
2015.01.01 22:49:49.022,1.80723,1.80826,1.00,1.30
2015.01.01 22:49:55.409,1.80721,1.80836,1.00,1.00
2015.01.01 22:49:55.515,1.80741,1.80858,1.00,1.50
2015.01.01 22:49:55.617,1.80749,1.80859,1.50,1.00
2015.01.01 22:49:55.945,1.80791,1.80899,1.00,1.00
2015.01.01 22:49:56.146,1.8082,1.80929,1.00,1.00
2015.01.01 22:49:56.247,1.80823,1.8094,1.00,1.00
2015.01.01 22:49:56.347,1.80831,1.80948,1.00,1.00
2015.01.01 22:49:56.863,1.80838,1.8095,1.00,1.00
2015.01.01 22:49:58.128,1.80838,1.80954,1.00,1.00
2015.01.01 22:50:10.670,1.80832,1.80949,1.50,1.00
2015.01.01 22:50:12.196,1.80833,1.80945,1.00,1.00
2015.01.01 22:50:12.297,1.80823,1.8094,1.00,1.00
2015.01.01 22:50:12.498,1.80816,1.80934,1.50,1.00
2015.01.01 22:50:13.018,1.80816,1.80934,1.50,1.37
2015.01.01 22:50:14.930,1.80816,1.80934,1.50,1.37
2015.01.01 22:50:16.347,1.80816,1.80934,1.50,1.37
2015.01.01 22:50:17.380,1.80816,1.80934,1.50,1.00
2015.01.01 22:50:20.641,1.80816,1.80932,1.00,1.00
2015.01.01 22:50:20.949,1.80805,1.80921,1.00,1.00
2015.01.01 22:50:22.245,1.80798,1.80912,1.00,1.00
2015.01.01 22:50:23.949,1.80789,1.80906,1.00,1.50
2015.01.01 22:50:25.927,1.80783,1.80899,1.00,1.00
2015.01.01 22:50:26.178,1.80773,1.8089,1.00,1.00
2015.01.01 22:50:30.274,1.80767,1.80884,1.00,1.00
2015.01.01 22:50:30.576,1.80759,1.80873,1.00,1.00
2015.01.01 22:50:45.883,1.80754,1.8087,1.00,1.00
2015.01.01 22:50:51.538,1.80747,1.80864,1.00,1.00
2015.01.01 22:50:53.409,1.80755,1.80871,1.00,1.50
2015.01.01 22:50:53.562,1.8076,1.80877,1.00,1.00
2015.01.01 22:50:53.613,1.80766,1.80877,1.00,1.00
2015.01.01 22:50:53.714,1.80768,1.80883,1.87,1.00
2015.01.01 22:50:53.815,1.80779,1.80895,1.00,1.00
2015.01.01 22:51:08.976,1.80776,1.80892,1.00,1.00
2015.01.01 22:51:25.948,1.80779,1.80895,1.00,1.00
2015.01.01 22:51:41.026,1.80778,1.80893,1.00,1.00
2015.01.01 22:51:56.680,1.8078,1.80897,1.00,1.00
2015.01.01 22:52:09.437,1.80787,1.80901,1.00,1.50
2015.01.01 22:52:25.387,1.80794,1.80909,1.00,1.00
2015.01.01 22:52:25.906,1.80786,1.80902,1.00,1.00
2015.01.01 22:52:30.087,1.80787,1.80901,1.00,1.00
2015.01.01 22:52:40.549,1.80779,1.80896,1.00,1.00
2015.01.01 22:52:56.668,1.80779,1.80895,1.00,1.00
2015.01.01 22:52:59.686,1.80785,1.80902,1.00,1.00
2015.01.01 22:52:59.787,1.80793,1.80909,1.00,1.50
2015.01.01 22:53:07.023,1.80787,1.80901,1.00,1.00
2015.01.01 22:53:11.937,1.80785,1.80902,1.00,1.00
2015.01.01 22:53:11.988,1.80785,1.80902,1.00,1.37
2015.01.01 22:53:12.038,1.80779,1.80889,1.00,1.37
2015.01.01 22:53:12.089,1.80772,1.80889,1.00,1.37
2015.01.01 22:53:12.139,1.80769,1.8088,1.00,1.37
2015.01.01 22:53:12.190,1.80763,1.8088,1.00,1.37
2015.01.01 22:53:12.497,1.80763,1.8088,1.00,1.37
2015.01.01 22:53:12.597,1.80756,1.80873,1.00,1.37
2015.01.01 22:53:12.648,1.80753,1.80868,1.00,1.37
2015.01.01 22:53:12.699,1.80753,1.80868,1.00,1.00
2015.01.01 22:53:12.951,1.80749,1.8086,1.00,1.00
2015.01.01 22:53:13.152,1.80751,1.80867,1.00,1.00
2015.01.01 22:53:22.187,1.80751,1.80865,1.00,1.00
2015.01.01 22:53:22.288,1.80742,1.80857,1.00,1.00
2015.01.01 22:53:22.726,1.80737,1.80852,1.00,1.00
2015.01.01 22:53:22.827,1.80731,1.80847,1.00,1.00
2015.01.01 22:53:23.229,1.80723,1.80839,1.12,1.00
2015.01.01 22:53:23.598,1.80724,1.80837,1.00,1.00
2015.01.01 22:53:23.850,1.80716,1.80832,1.37,1.00
2015.01.01 22:53:24.026,1.80716,1.80832,1.00,1.00
2015.01.01 22:53:24.229,1.80703,1.80819,1.37,1.00
2015.01.01 22:53:24.333,1.80703,1.80819,1.00,1.00
2015.01.01 22:53:24.737,1.80697,1.80814,1.00,1.00
2015.01.01 22:53:25.918,1.80697,1.80814,1.67,1.00
2015.01.01 22:53:26.220,1.80749,1.80862,1.37,1.00
2015.01.01 22:53:26.270,1.80749,1.80864,1.37,1.00
2015.01.01 22:53:26.583,1.80755,1.80869,1.37,1.00
2015.01.01 22:53:27.124,1.80755,1.80869,1.00,1.00
2015.01.01 22:53:27.225,1.80747,1.80864,1.12,1.00
2015.01.01 22:53:27.557,1.80754,1.80869,1.00,1.00
2015.01.01 22:53:27.657,1.80748,1.80864,1.12,1.00
2015.01.01 22:53:30.774,1.8074,1.80853,1.00,1.12
2015.01.01 22:53:30.875,1.80737,1.80853,1.50,1.12
2015.01.01 22:53:30.976,1.8073,1.80844,1.00,1.00
2015.01.01 22:53:31.278,1.8073,1.80844,1.00,1.37
2015.01.01 22:53:31.329,1.80727,1.80837,1.00,1.12
2015.01.01 22:53:31.794,1.80728,1.80843,1.50,1.12
2015.01.01 22:53:33.204,1.80727,1.80844,1.00,1.50
2015.01.01 22:53:33.816,1.8072,1.80838,1.00,1.00
2015.01.01 22:53:34.117,1.80727,1.80844,1.00,1.00
2015.01.01 22:53:35.117,1.80723,1.80838,1.00,1.00
2015.01.01 22:53:35.369,1.80727,1.80844,1.00,1.00
2015.01.01 22:53:40.491,1.80729,1.80841,1.00,1.00
2015.01.01 22:53:40.592,1.80734,1.8085,1.00,1.00
2015.01.01 22:53:40.997,1.80726,1.80841,1.00,1.00
2015.01.01 22:53:41.419,1.8072,1.80834,1.00,1.00
2015.01.01 22:53:41.924,1.80711,1.80831,1.00,1.00
2015.01.01 22:53:42.025,1.80711,1.80825,1.00,1.00
2015.01.01 22:53:42.406,1.80701,1.80816,1.00,1.00
2015.01.01 22:53:42.785,1.80695,1.80811,1.00,1.00
2015.01.01 22:53:42.937,1.80691,1.80806,1.00,1.00
2015.01.01 22:53:43.536,1.8069,1.80806,1.00,1.00
2015.01.01 22:53:45.103,1.80705,1.80819,1.00,1.00
2015.01.01 22:53:45.405,1.80742,1.8085,1.00,1.00
2015.01.01 22:53:45.556,1.80777,1.80886,1.00,1.00
2015.01.01 22:53:45.662,1.80784,1.80901,1.00,1.00
2015.01.01 22:53:45.871,1.80779,1.80894,1.00,1.00
2015.01.01 22:53:49.647,1.80777,1.8089,1.00,1.00
2015.01.01 22:53:51.704,1.80773,1.80891,1.00,1.00
2015.01.01 22:53:57.176,1.80771,1.80885,1.00,1.00
2015.01.01 22:54:16.655,1.80769,1.80886,1.00,1.00
2015.01.01 22:54:32.637,1.80774,1.80891,1.00,1.00
2015.01.01 22:54:34.165,1.80781,1.80896,1.00,1.00
2015.01.01 22:54:45.910,1.80777,1.80891,1.00,1.00
2015.01.01 22:55:01.271,1.80781,1.80896,1.00,1.00
2015.01.01 22:55:11.320,1.80786,1.80901,1.00,1.00
2015.01.01 22:55:12.086,1.80786,1.80903,1.00,1.00
2015.01.01 22:55:26.320,1.80783,1.809,1.00,1.00
2015.01.01 22:55:30.242,1.80779,1.80895,1.50,1.00
2015.01.01 22:55:32.248,1.8078,1.80894,1.00,1.00
2015.01.01 22:55:34.882,1.80788,1.80905,1.00,1.00
2015.01.01 22:55:34.983,1.80793,1.80909,1.00,1.00
2015.01.01 22:55:35.505,1.80789,1.80904,1.00,1.00
2015.01.01 22:55:35.912,1.80786,1.80899,1.00,1.00
2015.01.01 22:55:37.482,1.80783,1.809,1.00,1.00
2015.01.01 22:55:40.111,1.80776,1.80893,1.00,1.00
2015.01.01 22:55:56.588,1.80782,1.80896,1.00,1.00
2015.01.01 22:56:14.481,1.80778,1.80895,1.00,1.00
2015.01.01 22:56:26.113,1.80772,1.8089,1.00,1.00
2015.01.01 22:56:35.907,1.80781,1.80898,1.00,1.00
2015.01.01 22:56:36.210,1.80804,1.8092,1.00,1.00
2015.01.01 22:56:36.512,1.80812,1.80928,1.00,1.00
2015.01.01 22:56:36.714,1.80815,1.80932,1.00,1.00
2015.01.01 22:56:37.645,1.80811,1.80925,1.00,1.00
2015.01.01 22:56:42.330,1.80811,1.80922,1.00,1.00
2015.01.01 22:56:51.650,1.80811,1.8092,1.00,1.00
2015.01.01 22:56:52.138,1.80811,1.80922,1.00,2.25
2015.01.01 22:57:02.966,1.80807,1.80916,1.50,1.00
2015.01.01 22:57:05.879,1.80806,1.80917,1.00,1.00
2015.01.01 22:57:12.638,1.80807,1.80912,1.00,1.00
2015.01.01 22:57:15.764,1.80806,1.80907,1.00,1.00
2015.01.01 22:57:15.865,1.80796,1.80907,1.00,1.50
2015.01.01 22:57:24.346,1.80796,1.809,1.00,1.00
2015.01.01 22:57:24.497,1.80788,1.80897,1.00,1.00
2015.01.01 22:57:24.598,1.808,1.80909,1.00,1.50
2015.01.01 22:57:24.903,1.80805,1.80909,1.00,1.50
2015.01.01 22:57:24.954,1.808,1.80909,1.00,1.50
