2015.01.02 20:00:00.111,1.80185,1.80216,1.00,1.00
2015.01.02 20:00:00.363,1.8018,1.80217,1.00,1.00
2015.01.02 20:00:01.468,1.80185,1.80217,1.00,1.00
2015.01.02 20:00:01.570,1.80187,1.80222,1.00,1.00
2015.01.02 20:00:01.622,1.80187,1.80222,1.34,1.00
2015.01.02 20:00:02.238,1.80192,1.80221,1.09,1.00
2015.01.02 20:00:02.689,1.80191,1.80226,1.34,1.00
2015.01.02 20:00:02.891,1.80191,1.80222,1.34,1.00
2015.01.02 20:00:03.043,1.80185,1.80221,1.00,1.00
2015.01.02 20:00:03.143,1.80178,1.80222,2.59,1.00
2015.01.02 20:00:03.244,1.80178,1.80217,1.34,1.00
2015.01.02 20:00:03.763,1.80178,1.80216,1.34,1.00
2015.01.02 20:00:04.269,1.80178,1.80217,1.34,1.00
2015.01.02 20:00:04.768,1.80178,1.80217,1.34,1.00
2015.01.02 20:00:04.858,1.80178,1.80212,1.34,1.00
2015.01.02 20:00:05.370,1.80179,1.80211,1.09,1.00
2015.01.02 20:00:10.069,1.80179,1.80212,1.09,1.00
2015.01.02 20:00:10.665,1.80179,1.80211,1.09,1.00
2015.01.02 20:00:11.172,1.80179,1.80212,1.09,1.00
2015.01.02 20:00:11.704,1.80184,1.80212,1.84,1.00
2015.01.02 20:00:14.608,1.8018,1.80212,1.00,1.00
2015.01.02 20:00:14.659,1.80176,1.80211,1.00,1.00
2015.01.02 20:00:15.210,1.80176,1.80206,1.00,1.00
2015.01.02 20:00:15.260,1.80169,1.80206,1.00,1.00
2015.01.02 20:00:15.764,1.80169,1.80207,1.00,1.00
2015.01.02 20:00:16.660,1.80169,1.80206,1.00,1.00
2015.01.02 20:00:17.839,1.80169,1.80202,1.00,1.00
2015.01.02 20:00:18.107,1.80169,1.80207,1.00,1.00
2015.01.02 20:00:19.532,1.80169,1.80201,1.00,1.00
2015.01.02 20:00:20.557,1.80166,1.80201,1.00,1.00
2015.01.02 20:00:20.813,1.80165,1.80206,1.00,1.00
2015.01.02 20:00:21.367,1.80165,1.80202,1.00,1.00
2015.01.02 20:00:21.669,1.80167,1.80202,1.34,1.00
2015.01.02 20:00:21.944,1.80167,1.80207,1.34,1.00
2015.01.02 20:00:22.938,1.80167,1.80202,1.34,1.00
2015.01.02 20:00:27.780,1.80167,1.80206,1.34,1.00
2015.01.02 20:00:28.644,1.80167,1.80201,1.34,1.00
2015.01.02 20:00:30.029,1.80169,1.80201,1.00,1.00
2015.01.02 20:00:30.332,1.80182,1.80207,1.00,1.00
2015.01.02 20:00:30.382,1.80179,1.80218,1.00,1.00
2015.01.02 20:00:30.433,1.80177,1.80222,1.09,1.50
2015.01.02 20:00:30.483,1.80177,1.80222,1.46,1.50
2015.01.02 20:00:30.987,1.8018,1.80222,1.00,1.00
2015.01.02 20:00:33.347,1.8018,1.80221,1.00,1.00
2015.01.02 20:00:33.921,1.8018,1.80222,1.00,1.00
2015.01.02 20:00:37.308,1.8018,1.80221,1.00,1.00
2015.01.02 20:00:37.697,1.80178,1.80221,1.00,1.37
2015.01.02 20:00:37.748,1.80178,1.80221,1.00,1.50
2015.01.02 20:00:37.799,1.80174,1.80219,1.00,1.37
2015.01.02 20:00:37.900,1.8017,1.80215,1.00,1.12
2015.01.02 20:00:37.950,1.8017,1.80215,1.00,1.37
2015.01.02 20:00:38.001,1.80166,1.80211,1.00,1.00
2015.01.02 20:00:38.158,1.80163,1.80208,1.00,1.00
2015.01.02 20:00:42.036,1.80163,1.80207,1.00,1.00
2015.01.02 20:00:42.575,1.80163,1.80206,1.00,1.00
2015.01.02 20:00:43.285,1.80163,1.80202,1.00,1.00
2015.01.02 20:00:48.134,1.80163,1.80201,1.00,1.00
2015.01.02 20:00:48.378,1.80163,1.80207,1.12,1.00
2015.01.02 20:00:48.429,1.80166,1.80207,1.00,1.00
2015.01.02 20:00:48.770,1.80169,1.80207,1.00,1.00
2015.01.02 20:00:49.407,1.80169,1.80206,1.00,1.00
2015.01.02 20:00:49.993,1.80166,1.80207,1.00,1.00
2015.01.02 20:00:50.094,1.80166,1.80202,1.00,1.00
2015.01.02 20:00:58.243,1.80163,1.80202,1.12,1.00
2015.01.02 20:00:58.345,1.80163,1.80206,1.12,1.00
2015.01.02 20:00:58.395,1.80169,1.80207,1.00,1.00
2015.01.02 20:00:59.967,1.80169,1.80206,1.00,1.00
2015.01.02 20:01:00.679,1.80169,1.80207,1.00,1.00
2015.01.02 20:01:01.866,1.80169,1.80211,1.00,1.00
2015.01.02 20:01:01.967,1.80169,1.80211,1.37,1.00
2015.01.02 20:01:02.427,1.80169,1.80214,1.37,1.00
2015.01.02 20:01:02.528,1.80169,1.80212,1.00,1.00
2015.01.02 20:01:05.940,1.80166,1.80211,1.37,1.00
2015.01.02 20:01:06.156,1.80166,1.80211,1.00,1.00
2015.01.02 20:01:15.272,1.80166,1.80211,1.00,1.37
2015.01.02 20:01:15.322,1.80162,1.80205,1.00,1.00
2015.01.02 20:01:15.625,1.80158,1.80203,1.00,1.00
2015.01.02 20:01:25.174,1.80163,1.80203,1.00,1.00
2015.01.02 20:01:25.426,1.80169,1.80212,1.00,1.00
2015.01.02 20:01:25.737,1.80169,1.80214,1.00,1.00
2015.01.02 20:01:30.440,1.80169,1.80211,1.00,1.00
2015.01.02 20:01:30.696,1.80169,1.80214,1.00,1.00
2015.01.02 20:01:33.410,1.80169,1.80212,1.00,1.00
2015.01.02 20:01:34.999,1.80166,1.80209,1.00,1.00
2015.01.02 20:01:35.100,1.80162,1.80207,1.00,1.00
2015.01.02 20:01:39.098,1.80162,1.80207,1.37,1.00
2015.01.02 20:01:39.400,1.80166,1.80209,1.00,1.00
2015.01.02 20:01:52.993,1.80166,1.80209,1.37,1.00
2015.01.02 20:01:53.147,1.80176,1.80219,1.00,1.00
2015.01.02 20:01:53.249,1.80179,1.80222,1.00,1.00
2015.01.02 20:02:02.572,1.80179,1.80221,1.00,1.00
2015.01.02 20:02:02.622,1.80174,1.80217,1.00,1.00
2015.01.02 20:02:03.906,1.80174,1.80215,1.00,1.00
2015.01.02 20:02:03.956,1.80168,1.80213,1.00,1.00
2015.01.02 20:02:32.019,1.80168,1.80213,1.50,1.00
2015.01.02 20:02:32.120,1.80177,1.80222,1.00,1.50
2015.01.02 20:02:32.422,1.8018,1.80225,1.00,1.00
2015.01.02 20:02:46.975,1.8018,1.80225,1.00,1.37
2015.01.02 20:02:47.077,1.80174,1.80219,1.00,1.37
2015.01.02 20:02:47.178,1.80171,1.80214,1.00,1.00
2015.01.02 20:02:47.480,1.80171,1.80214,1.00,1.37
2015.01.02 20:02:47.581,1.80163,1.80208,1.09,1.00
2015.01.02 20:02:48.865,1.80163,1.80207,1.00,1.00
2015.01.02 20:02:48.916,1.8016,1.80205,1.00,1.00
2015.01.02 20:02:53.745,1.80164,1.80207,1.00,1.00
2015.01.02 20:02:53.897,1.80167,1.80212,1.00,1.50
2015.01.02 20:02:54.567,1.80167,1.80212,1.87,1.50
2015.01.02 20:02:54.819,1.80171,1.80216,1.00,1.00
2015.01.02 20:02:54.869,1.80171,1.80216,1.37,1.00
2015.01.02 20:02:54.970,1.80174,1.80219,1.12,1.00
2015.01.02 20:02:59.867,1.80174,1.80217,1.00,1.00
2015.01.02 20:02:59.918,1.80171,1.80216,1.00,1.00
2015.01.02 20:03:00.371,1.80168,1.80213,1.12,1.00
2015.01.02 20:03:05.764,1.80168,1.80206,1.00,1.00
2015.01.02 20:03:06.304,1.80167,1.80207,1.12,1.00
2015.01.02 20:03:06.913,1.80167,1.80206,1.12,1.00
2015.01.02 20:03:07.468,1.80168,1.80206,1.00,1.00
2015.01.02 20:03:08.147,1.80167,1.80206,1.12,1.00
2015.01.02 20:03:09.770,1.80168,1.80206,1.00,1.00
2015.01.02 20:03:10.550,1.80167,1.80206,1.12,1.00
2015.01.02 20:03:12.445,1.80159,1.80199,1.00,1.00
2015.01.02 20:03:12.546,1.80156,1.80199,1.09,1.00
2015.01.02 20:03:12.647,1.80156,1.80181,1.00,1.00
2015.01.02 20:03:12.697,1.80149,1.80181,1.00,1.00
2015.01.02 20:03:12.849,1.80149,1.80177,1.00,1.00
2015.01.02 20:03:12.899,1.80144,1.80177,1.00,1.00
2015.01.02 20:03:13.869,1.80142,1.80181,1.37,1.00
2015.01.02 20:03:14.179,1.80143,1.80177,1.37,1.00
2015.01.02 20:03:16.375,1.80142,1.80182,1.37,1.00
2015.01.02 20:03:17.904,1.80142,1.80176,1.37,1.00
2015.01.02 20:03:20.329,1.80141,1.80177,1.37,1.00
2015.01.02 20:03:21.655,1.80141,1.80181,1.37,1.00
2015.01.02 20:03:25.645,1.80146,1.80181,1.00,1.00
2015.01.02 20:03:25.948,1.80148,1.80187,1.12,1.00
2015.01.02 20:03:25.998,1.80152,1.80187,1.12,1.00
2015.01.02 20:03:26.571,1.80152,1.80186,1.87,1.00
2015.01.02 20:03:27.658,1.80153,1.80186,1.00,1.00
2015.01.02 20:03:28.795,1.80152,1.80186,1.50,1.00
2015.01.02 20:03:29.609,1.80152,1.80187,1.50,1.00
2015.01.02 20:03:30.524,1.80153,1.80187,1.00,1.00
2015.01.02 20:03:31.570,1.80152,1.80187,1.50,1.00
2015.01.02 20:03:32.155,1.80153,1.80187,1.00,1.00
2015.01.02 20:03:32.965,1.80152,1.80187,1.50,1.00
2015.01.02 20:03:33.473,1.80153,1.80187,1.00,1.00
2015.01.02 20:03:34.043,1.80152,1.80187,1.50,1.00
2015.01.02 20:03:35.749,1.80153,1.80187,1.00,1.00
2015.01.02 20:03:36.417,1.80152,1.80187,1.50,1.00
2015.01.02 20:03:40.630,1.80153,1.80187,1.00,1.00
2015.01.02 20:03:41.538,1.80152,1.80187,1.50,1.00
2015.01.02 20:03:42.105,1.80153,1.80187,1.00,1.00
2015.01.02 20:03:42.653,1.80152,1.80187,1.50,1.00
2015.01.02 20:03:43.094,1.80152,1.80176,1.50,1.00
2015.01.02 20:03:43.246,1.80143,1.80176,1.00,1.00
2015.01.02 20:03:43.361,1.80143,1.80185,1.00,1.00
2015.01.02 20:03:43.412,1.80144,1.80185,1.09,1.00
2015.01.02 20:03:43.462,1.80145,1.80187,1.71,1.00
2015.01.02 20:03:43.563,1.80145,1.80181,1.71,1.00
2015.01.02 20:03:43.870,1.80145,1.80187,1.37,1.00
2015.01.02 20:03:44.417,1.80145,1.80186,1.37,1.00
2015.01.02 20:03:44.878,1.80152,1.80187,1.00,1.00
2015.01.02 20:03:45.297,1.80152,1.80182,1.00,1.00
2015.01.02 20:03:45.800,1.80153,1.80182,1.00,1.00
2015.01.02 20:03:46.512,1.80152,1.80182,1.00,1.00
2015.01.02 20:03:46.936,1.8015,1.80181,1.00,1.00
2015.01.02 20:03:47.088,1.8015,1.80176,1.00,1.00
2015.01.02 20:03:47.239,1.80144,1.80176,1.00,1.00
2015.01.02 20:03:47.724,1.80144,1.80172,1.00,1.00
2015.01.02 20:03:47.876,1.80144,1.80176,1.00,1.00
2015.01.02 20:03:48.215,1.80142,1.80176,1.00,1.00
2015.01.02 20:03:49.034,1.80142,1.80177,1.00,1.00
2015.01.02 20:03:50.333,1.80142,1.80182,1.00,1.00
2015.01.02 20:03:50.484,1.80142,1.80177,1.00,1.00
2015.01.02 20:03:51.935,1.80144,1.80177,1.00,1.00
2015.01.02 20:03:54.347,1.80144,1.80176,1.00,1.00
2015.01.02 20:03:54.398,1.8014,1.80176,1.00,1.00
2015.01.02 20:03:54.600,1.80138,1.80176,1.12,1.00
2015.01.02 20:03:54.650,1.80138,1.80171,1.12,1.00
2015.01.02 20:03:55.543,1.80138,1.80172,1.00,1.00
2015.01.02 20:03:56.349,1.80138,1.80172,1.37,1.00
2015.01.02 20:03:56.451,1.80138,1.80177,1.37,1.00
2015.01.02 20:03:56.703,1.80138,1.80177,1.00,1.00
2015.01.02 20:03:56.754,1.80138,1.80172,1.00,1.00
2015.01.02 20:03:57.106,1.80133,1.80171,1.46,1.00
2015.01.02 20:03:57.258,1.80136,1.80171,1.00,1.00
2015.01.02 20:03:57.761,1.80136,1.80172,1.00,1.00
2015.01.02 20:03:58.461,1.80133,1.80172,1.00,1.00
2015.01.02 20:03:58.612,1.80133,1.80172,2.25,1.00
2015.01.02 20:03:59.066,1.80138,1.80176,1.00,1.00
2015.01.02 20:04:00.803,1.80138,1.80177,1.12,1.00
2015.01.02 20:04:02.630,1.80138,1.80176,1.12,1.00
2015.01.02 20:04:08.175,1.80138,1.80177,1.00,1.00
2015.01.02 20:04:11.044,1.80138,1.80172,1.00,1.00
2015.01.02 20:04:11.803,1.80138,1.80176,1.00,1.00
2015.01.02 20:04:12.217,1.80135,1.80176,1.00,1.00
2015.01.02 20:04:12.905,1.80138,1.80176,1.00,1.00
2015.01.02 20:04:13.419,1.80138,1.80177,1.00,1.00
2015.01.02 20:04:13.750,1.80138,1.80177,1.37,1.00
2015.01.02 20:04:13.801,1.80138,1.80182,1.37,1.00
2015.01.02 20:04:15.565,1.80138,1.80176,1.87,1.00
2015.01.02 20:04:15.615,1.80138,1.80176,1.50,1.00
2015.01.02 20:04:16.102,1.80138,1.80181,1.12,1.00
2015.01.02 20:04:16.358,1.80138,1.80177,1.87,1.00
2015.01.02 20:04:18.074,1.80138,1.80181,1.12,1.00
2015.01.02 20:04:18.175,1.80141,1.80181,1.00,1.00
2015.01.02 20:04:18.327,1.80141,1.80186,1.00,1.00
2015.01.02 20:04:18.428,1.80144,1.80189,1.00,1.00
2015.01.02 20:04:20.495,1.80144,1.80187,1.00,1.00
2015.01.02 20:04:20.844,1.80144,1.80189,1.00,1.00
2015.01.02 20:04:36.637,1.80148,1.80191,1.00,1.00
2015.01.02 20:04:38.328,1.80148,1.80192,1.00,1.00
2015.01.02 20:04:38.852,1.80148,1.80191,1.00,1.00
2015.01.02 20:04:43.154,1.80148,1.80192,1.00,1.00
2015.01.02 20:04:46.792,1.80148,1.80187,1.00,1.00
2015.01.02 20:04:46.893,1.80145,1.80187,1.00,1.00
2015.01.02 20:04:47.352,1.8014,1.80185,1.00,1.00
2015.01.02 20:04:49.139,1.8014,1.80176,1.00,1.00
2015.01.02 20:04:51.330,1.8014,1.80177,1.00,1.00
2015.01.02 20:04:52.072,1.8014,1.80172,1.00,1.00
2015.01.02 20:04:52.274,1.80137,1.80172,1.00,1.00
2015.01.02 20:04:53.732,1.80134,1.80172,1.00,1.00
2015.01.02 20:04:53.835,1.80134,1.80167,1.00,1.00
2015.01.02 20:04:57.125,1.80134,1.80162,1.00,1.00
2015.01.02 20:04:58.669,1.80134,1.80167,1.00,1.00
2015.01.02 20:04:58.883,1.80134,1.80162,1.00,1.00
2015.01.02 20:05:02.946,1.80134,1.80162,1.37,1.00
2015.01.02 20:05:03.106,1.80134,1.80167,1.37,1.00
2015.01.02 20:05:03.157,1.80132,1.80167,1.50,1.00
2015.01.02 20:05:03.619,1.80131,1.80172,1.09,1.00
2015.01.02 20:05:04.883,1.80131,1.80172,1.46,1.00
2015.01.02 20:05:05.451,1.80131,1.80172,1.46,1.00
2015.01.02 20:05:05.899,1.80138,1.80172,1.00,1.00
2015.01.02 20:05:06.838,1.80146,1.80172,1.84,1.00
2015.01.02 20:05:06.939,1.80146,1.80181,1.84,1.00
2015.01.02 20:05:07.676,1.80153,1.80181,2.59,1.00
2015.01.02 20:05:08.130,1.80155,1.80192,2.25,1.09
2015.01.02 20:05:08.181,1.80151,1.80192,1.00,1.09
2015.01.02 20:05:08.232,1.80148,1.8019,1.09,1.00
2015.01.02 20:05:08.383,1.80154,1.80182,1.84,1.00
2015.01.02 20:05:08.587,1.80155,1.80182,1.00,1.00
2015.01.02 20:05:08.688,1.80151,1.80182,1.00,1.00
2015.01.02 20:05:08.789,1.80151,1.80176,1.00,1.00
2015.01.02 20:05:08.897,1.80146,1.80176,1.00,1.00
2015.01.02 20:05:09.000,1.80142,1.80176,1.34,1.00
2015.01.02 20:05:10.123,1.80142,1.80177,1.00,1.00
2015.01.02 20:05:10.584,1.80142,1.80187,1.00,1.50
2015.01.02 20:05:10.634,1.80147,1.80187,1.00,1.00
2015.01.02 20:05:10.937,1.8015,1.80187,1.00,1.00
2015.01.02 20:05:11.580,1.8015,1.80186,1.00,1.00
2015.01.02 20:05:11.684,1.8015,1.80191,1.00,1.00
2015.01.02 20:05:11.886,1.8015,1.80195,1.00,1.00
2015.01.02 20:05:11.987,1.80155,1.80198,1.00,1.00
2015.01.02 20:05:12.292,1.80155,1.80196,1.00,1.00
2015.01.02 20:05:13.755,1.80152,1.80195,1.00,1.00
2015.01.02 20:05:15.605,1.80152,1.80191,1.00,1.00
2015.01.02 20:05:15.706,1.80147,1.80191,1.09,1.00
2015.01.02 20:05:16.823,1.80147,1.80192,1.46,1.50
2015.01.02 20:05:17.126,1.80154,1.80192,1.00,1.00
2015.01.02 20:05:17.278,1.80154,1.80197,1.00,1.00
2015.01.02 20:05:19.062,1.80154,1.80196,1.00,1.00
2015.01.02 20:05:19.113,1.80149,1.80194,1.50,1.00
2015.01.02 20:05:19.164,1.80149,1.80192,1.00,1.00
2015.01.02 20:05:19.466,1.80146,1.80187,1.00,1.00
2015.01.02 20:05:20.121,1.80146,1.80182,1.00,1.00
2015.01.02 20:05:22.567,1.80146,1.80186,1.00,1.00
2015.01.02 20:05:22.880,1.80146,1.80181,1.00,1.00
2015.01.02 20:05:23.534,1.80146,1.80181,1.34,1.00
2015.01.02 20:05:23.635,1.80146,1.80191,2.96,1.00
2015.01.02 20:05:23.686,1.80147,1.80191,1.09,1.00
2015.01.02 20:05:24.005,1.80155,1.80192,1.00,1.00
2015.01.02 20:05:24.106,1.80155,1.80197,1.00,1.00
2015.01.02 20:05:29.377,1.80155,1.80191,1.00,1.00
2015.01.02 20:05:31.115,1.80155,1.80196,1.00,1.00
2015.01.02 20:05:32.527,1.80157,1.80196,2.25,1.00
2015.01.02 20:05:32.678,1.80163,1.80207,1.46,1.00
2015.01.02 20:05:32.880,1.8017,1.80212,1.00,1.00
2015.01.02 20:05:33.384,1.8017,1.80211,1.00,1.00
2015.01.02 20:05:33.849,1.8017,1.80211,1.37,1.00
2015.01.02 20:05:33.933,1.8017,1.80211,1.12,1.00
2015.01.02 20:05:36.451,1.8017,1.80211,1.37,1.00
2015.01.02 20:05:37.474,1.8017,1.80211,1.37,1.00
2015.01.02 20:05:38.013,1.8017,1.80212,1.37,1.00
2015.01.02 20:05:39.145,1.8017,1.80211,1.37,1.00
2015.01.02 20:05:43.132,1.8017,1.80212,1.37,1.00
2015.01.02 20:05:45.194,1.8017,1.80211,1.37,1.00
2015.01.02 20:05:48.203,1.8017,1.80211,1.00,1.00
2015.01.02 20:05:48.253,1.80174,1.80211,1.00,1.00
2015.01.02 20:05:48.560,1.80171,1.80206,1.00,1.00
2015.01.02 20:05:52.216,1.80169,1.80206,1.00,1.00
2015.01.02 20:05:52.720,1.80169,1.80207,1.00,1.00
2015.01.02 20:05:52.821,1.80169,1.80202,1.00,1.00
2015.01.02 20:05:52.871,1.80161,1.80202,1.12,1.00
2015.01.02 20:05:58.363,1.80161,1.80201,1.00,1.00
2015.01.02 20:05:58.981,1.80161,1.80202,1.00,1.00
2015.01.02 20:06:00.565,1.80161,1.80197,1.00,1.00
2015.01.02 20:06:03.863,1.80161,1.80196,1.00,1.00
2015.01.02 20:06:04.529,1.80161,1.80197,1.00,1.00
2015.01.02 20:06:06.063,1.80161,1.80196,1.00,1.00
2015.01.02 20:06:06.219,1.80159,1.80196,1.00,1.00
2015.01.02 20:06:06.743,1.80159,1.80197,1.00,1.00
2015.01.02 20:06:07.096,1.80159,1.80191,1.00,1.00
2015.01.02 20:06:07.499,1.80159,1.80197,1.00,1.00
2015.01.02 20:06:11.582,1.80161,1.80197,1.00,1.00
2015.01.02 20:06:11.834,1.80158,1.80197,1.00,1.00
2015.01.02 20:06:13.137,1.80161,1.80202,1.00,1.00
2015.01.02 20:06:13.542,1.80161,1.80197,1.00,1.00
2015.01.02 20:06:20.912,1.80161,1.80196,1.00,1.00
2015.01.02 20:06:21.395,1.80161,1.80202,1.00,1.00
2015.01.02 20:06:21.497,1.80161,1.80196,1.00,1.00
2015.01.02 20:06:21.597,1.80158,1.80197,1.00,1.00
2015.01.02 20:06:21.698,1.80156,1.80197,1.00,1.00
2015.01.02 20:06:23.343,1.80156,1.80196,1.00,1.00
2015.01.02 20:06:23.494,1.80158,1.80196,1.00,1.00
2015.01.02 20:06:24.041,1.80158,1.80197,1.12,1.00
2015.01.02 20:06:26.118,1.80158,1.80192,1.00,1.00
2015.01.02 20:06:26.432,1.80158,1.80197,1.00,1.00
2015.01.02 20:06:26.885,1.80158,1.80191,1.00,1.00
2015.01.02 20:06:27.332,1.80158,1.80197,1.00,1.00
2015.01.02 20:06:30.163,1.80158,1.80192,1.00,1.00
2015.01.02 20:06:30.372,1.80158,1.80196,1.00,1.00
2015.01.02 20:06:33.143,1.80158,1.80192,1.00,1.00
2015.01.02 20:06:35.102,1.80158,1.80191,1.00,1.00
2015.01.02 20:06:37.882,1.80158,1.80192,1.00,1.00
2015.01.02 20:06:38.387,1.80158,1.80191,1.00,1.00
2015.01.02 20:06:39.062,1.80158,1.80192,1.00,1.00
2015.01.02 20:06:41.372,1.80158,1.80197,1.00,1.00
2015.01.02 20:06:41.812,1.80158,1.80192,1.00,1.00
2015.01.02 20:06:42.362,1.80158,1.80191,1.00,1.00
2015.01.02 20:06:44.122,1.80158,1.80192,1.00,1.00
2015.01.02 20:06:44.367,1.80158,1.80197,1.00,1.00
2015.01.02 20:06:44.891,1.80158,1.80192,1.00,1.00
2015.01.02 20:06:45.332,1.80158,1.80196,1.00,1.00
2015.01.02 20:06:49.860,1.80158,1.80197,1.00,1.00
2015.01.02 20:06:50.381,1.80158,1.80196,1.00,1.00
2015.01.02 20:06:54.132,1.80158,1.80197,1.00,1.00
2015.01.02 20:06:55.123,1.80158,1.80196,1.00,1.00
2015.01.02 20:06:56.325,1.80158,1.80196,1.87,1.00
2015.01.02 20:06:56.426,1.80161,1.80201,1.00,1.00
2015.01.02 20:06:56.476,1.80161,1.80196,1.00,1.00
2015.01.02 20:06:56.902,1.80161,1.80202,1.00,1.00
2015.01.02 20:06:57.102,1.80161,1.80196,1.00,1.00
2015.01.02 20:06:59.345,1.80161,1.80202,1.00,1.00
2015.01.02 20:06:59.851,1.80161,1.80201,1.00,1.00
2015.01.02 20:07:02.539,1.80161,1.80197,1.00,1.00
2015.01.02 20:07:04.618,1.80161,1.80202,1.00,1.00
2015.01.02 20:07:06.563,1.80161,1.80197,1.00,1.00
2015.01.02 20:07:11.642,1.80161,1.80192,1.00,1.00
2015.01.02 20:07:11.743,1.80161,1.80197,1.00,1.00
2015.01.02 20:07:12.265,1.80161,1.80196,1.00,1.00
2015.01.02 20:07:12.832,1.80161,1.80202,1.00,1.00
2015.01.02 20:07:13.425,1.80161,1.80201,1.00,1.00
2015.01.02 20:07:13.857,1.80161,1.80197,1.00,1.00
2015.01.02 20:07:14.899,1.80162,1.80197,1.37,1.00
2015.01.02 20:07:14.950,1.80164,1.80202,1.00,1.00
2015.01.02 20:07:15.611,1.80164,1.80196,1.00,1.00
2015.01.02 20:07:15.813,1.80164,1.80201,1.00,1.00
2015.01.02 20:07:16.352,1.80164,1.80197,1.00,1.00
2015.01.02 20:07:16.590,1.80164,1.80201,1.00,1.00
2015.01.02 20:07:18.566,1.80164,1.80197,1.00,1.00
2015.01.02 20:07:18.667,1.80164,1.80202,1.00,1.00
2015.01.02 20:07:20.139,1.80164,1.80196,1.00,1.00
2015.01.02 20:07:20.311,1.80164,1.80202,1.00,1.00
2015.01.02 20:07:21.650,1.80164,1.80201,1.12,1.00
2015.01.02 20:07:23.074,1.80164,1.80197,1.00,1.00
2015.01.02 20:07:23.608,1.80164,1.80196,1.00,1.00
2015.01.02 20:07:23.910,1.80164,1.80192,1.00,1.00
2015.01.02 20:07:25.592,1.80164,1.80196,1.00,1.00
2015.01.02 20:07:26.613,1.80164,1.80197,1.00,1.00
2015.01.02 20:07:29.551,1.80164,1.80192,1.00,1.00
2015.01.02 20:07:29.906,1.80164,1.80196,1.00,1.00
2015.01.02 20:07:30.652,1.80164,1.80197,1.00,1.00
2015.01.02 20:07:31.231,1.80164,1.80196,1.00,1.00
2015.01.02 20:07:31.889,1.80164,1.80197,1.00,1.00
2015.01.02 20:07:33.119,1.80164,1.80197,1.37,1.00
2015.01.02 20:07:33.668,1.80164,1.80197,1.00,1.00
2015.01.02 20:07:34.632,1.80164,1.80192,1.00,1.00
2015.01.02 20:07:34.834,1.80164,1.80197,1.00,1.00
2015.01.02 20:07:35.536,1.80164,1.80196,1.00,1.00
2015.01.02 20:07:37.144,1.80164,1.80197,1.00,1.00
2015.01.02 20:07:38.461,1.80164,1.80196,1.00,1.00
2015.01.02 20:07:49.591,1.80164,1.80196,1.37,1.00
2015.01.02 20:07:50.424,1.80164,1.80196,1.00,1.00
2015.01.02 20:07:51.114,1.80164,1.80197,1.00,1.00
2015.01.02 20:07:54.902,1.8016,1.80197,1.12,1.00
2015.01.02 20:07:55.103,1.80165,1.80197,1.75,1.00
2015.01.02 20:07:55.204,1.80166,1.80202,1.75,1.00
2015.01.02 20:07:55.306,1.80168,1.80207,1.50,1.00
2015.01.02 20:07:55.457,1.80172,1.80207,1.00,1.00
2015.01.02 20:07:55.759,1.80175,1.80206,1.00,1.00
2015.01.02 20:07:56.211,1.80175,1.80211,1.00,1.00
2015.01.02 20:07:59.031,1.80175,1.80212,1.00,1.00
2015.01.02 20:07:59.361,1.80175,1.80207,1.00,1.00
2015.01.02 20:08:01.921,1.80173,1.80207,1.00,1.00
2015.01.02 20:08:02.022,1.80173,1.80211,1.00,1.00
2015.01.02 20:08:02.123,1.80173,1.80207,1.00,1.00
2015.01.02 20:08:02.330,1.80173,1.80212,1.00,1.00
2015.01.02 20:08:03.454,1.80173,1.80207,1.00,1.00
2015.01.02 20:08:03.555,1.80169,1.80206,1.00,1.00
2015.01.02 20:08:06.879,1.80169,1.80202,1.00,1.00
2015.01.02 20:08:07.715,1.80169,1.80202,1.37,1.00
2015.01.02 20:08:14.433,1.80169,1.80207,1.37,1.00
2015.01.02 20:08:15.090,1.80169,1.80206,1.37,1.00
2015.01.02 20:08:15.695,1.80169,1.80207,1.37,1.00
2015.01.02 20:08:18.174,1.80169,1.80207,1.50,1.00
2015.01.02 20:08:18.529,1.80171,1.80202,1.37,1.00
2015.01.02 20:08:25.652,1.80171,1.80202,1.37,1.00
2015.01.02 20:08:27.661,1.80171,1.80206,1.00,1.00
2015.01.02 20:08:27.862,1.80171,1.80202,1.00,1.00
2015.01.02 20:08:27.963,1.80171,1.80207,1.00,1.00
2015.01.02 20:08:28.405,1.80168,1.80207,1.00,1.00
2015.01.02 20:08:29.669,1.80168,1.80207,1.37,1.00
2015.01.02 20:08:31.192,1.80168,1.80201,1.37,1.00
2015.01.02 20:08:31.494,1.80172,1.80201,1.37,1.00
2015.01.02 20:08:32.000,1.80172,1.80202,1.37,1.00
2015.01.02 20:08:32.151,1.80172,1.80207,1.37,1.00
2015.01.02 20:08:32.664,1.80172,1.80206,1.37,1.00
2015.01.02 20:08:33.175,1.80172,1.80212,1.37,1.00
2015.01.02 20:08:36.115,1.80172,1.80202,1.37,1.00
2015.01.02 20:08:36.541,1.80172,1.80207,1.37,1.00
2015.01.02 20:08:37.107,1.80172,1.80211,1.37,1.00
2015.01.02 20:08:40.410,1.80172,1.80211,1.37,1.00
2015.01.02 20:08:40.919,1.80172,1.80211,1.00,1.00
2015.01.02 20:08:43.802,1.80172,1.80206,1.00,1.00
2015.01.02 20:08:44.713,1.80172,1.80207,1.00,1.00
2015.01.02 20:08:48.971,1.80172,1.80212,1.00,1.00
2015.01.02 20:08:51.436,1.80172,1.80211,1.00,1.00
2015.01.02 20:08:55.177,1.80172,1.80207,1.00,1.00
2015.01.02 20:08:55.713,1.80172,1.80201,1.00,1.00
2015.01.02 20:08:57.240,1.80172,1.80207,1.00,1.00
2015.01.02 20:08:57.770,1.80172,1.80206,1.00,1.00
2015.01.02 20:08:58.122,1.80172,1.80211,1.00,1.00
2015.01.02 20:08:58.640,1.80172,1.80212,1.00,1.00
2015.01.02 20:08:59.304,1.80172,1.80211,1.00,1.00
2015.01.02 20:09:00.415,1.80172,1.80212,1.37,1.00
2015.01.02 20:09:10.650,1.80171,1.80207,1.00,1.00
2015.01.02 20:09:10.801,1.80165,1.80207,1.00,1.00
2015.01.02 20:09:10.902,1.80161,1.80202,1.12,1.00
2015.01.02 20:09:11.459,1.80161,1.80201,1.12,1.00
2015.01.02 20:09:14.410,1.80156,1.80197,1.09,1.00
2015.01.02 20:09:14.833,1.80152,1.80187,1.00,1.00
2015.01.02 20:09:15.287,1.80146,1.80187,1.00,1.00
2015.01.02 20:09:16.042,1.80146,1.80182,1.00,1.00
2015.01.02 20:09:16.486,1.80137,1.80182,1.34,1.00
2015.01.02 20:09:17.142,1.80137,1.80181,1.34,1.00
2015.01.02 20:09:18.559,1.80137,1.80182,1.34,1.50
2015.01.02 20:09:19.922,1.80137,1.80181,1.34,1.00
2015.01.02 20:09:20.023,1.80147,1.80181,1.00,1.00
2015.01.02 20:09:20.124,1.80147,1.8019,1.00,1.00
2015.01.02 20:09:20.225,1.8015,1.80192,1.00,1.00
2015.01.02 20:09:22.089,1.8015,1.80187,1.00,1.00
2015.01.02 20:09:22.900,1.80154,1.80187,1.00,1.00
2015.01.02 20:09:25.179,1.8015,1.80192,1.00,1.00
2015.01.02 20:09:28.569,1.8015,1.80187,1.00,1.00
2015.01.02 20:09:30.891,1.8015,1.80181,1.00,1.00
2015.01.02 20:09:31.319,1.8015,1.80187,1.00,1.00
2015.01.02 20:09:32.659,1.8015,1.80187,1.37,1.00
2015.01.02 20:09:33.174,1.8015,1.80186,1.37,1.00
2015.01.02 20:09:33.717,1.8015,1.80186,1.37,1.00
2015.01.02 20:09:34.037,1.8015,1.80186,1.00,1.00
2015.01.02 20:09:34.087,1.8015,1.80181,1.00,1.00
2015.01.02 20:09:34.189,1.80148,1.80181,1.00,1.00
2015.01.02 20:09:35.418,1.80148,1.80187,1.00,1.00
2015.01.02 20:09:35.670,1.80148,1.80186,1.37,1.00
2015.01.02 20:09:35.872,1.80151,1.80192,1.37,1.00
2015.01.02 20:09:36.425,1.80151,1.80196,1.37,1.00
2015.01.02 20:09:37.437,1.80151,1.80196,1.00,2.25
2015.01.02 20:09:37.488,1.80146,1.80189,1.12,1.00
2015.01.02 20:09:37.589,1.80146,1.80182,1.00,1.00
2015.01.02 20:09:38.043,1.80149,1.80182,1.00,1.00
2015.01.02 20:09:38.496,1.80145,1.80182,1.00,1.00
2015.01.02 20:09:39.916,1.80142,1.80177,1.87,1.00
2015.01.02 20:09:40.120,1.80142,1.80181,1.00,1.00
2015.01.02 20:09:40.272,1.80139,1.80183,1.37,1.00
2015.01.02 20:09:40.702,1.80138,1.80181,1.37,1.00
2015.01.02 20:09:41.226,1.80142,1.80182,1.12,1.00
2015.01.02 20:09:42.129,1.80142,1.80177,1.00,1.00
2015.01.02 20:09:42.230,1.80138,1.80177,1.00,1.00
2015.01.02 20:09:42.382,1.80138,1.80177,1.37,1.00
2015.01.02 20:09:42.584,1.80138,1.80182,1.37,1.00
2015.01.02 20:09:42.936,1.80143,1.80182,1.00,1.00
2015.01.02 20:09:43.248,1.80135,1.80172,1.00,1.00
2015.01.02 20:09:43.349,1.80135,1.80177,1.00,1.50
2015.01.02 20:09:43.451,1.80132,1.80177,1.00,2.25
2015.01.02 20:09:43.659,1.80133,1.80172,1.00,1.00
2015.01.02 20:09:43.961,1.8014,1.80177,1.00,1.00
2015.01.02 20:09:44.479,1.8014,1.80178,1.00,1.00
2015.01.02 20:09:44.880,1.80143,1.80178,1.00,1.00
2015.01.02 20:09:45.985,1.80143,1.80182,1.00,1.00
2015.01.02 20:09:46.491,1.80143,1.80177,1.00,1.00
2015.01.02 20:09:47.149,1.80143,1.80178,1.00,1.00
2015.01.02 20:09:48.051,1.80143,1.80177,1.00,1.00
2015.01.02 20:09:49.288,1.80143,1.80178,1.00,1.00
2015.01.02 20:09:50.377,1.80143,1.80172,1.00,1.00
2015.01.02 20:09:50.478,1.80135,1.80172,1.00,1.00
2015.01.02 20:09:50.831,1.80128,1.80173,1.00,1.00
2015.01.02 20:09:51.167,1.80128,1.80167,1.00,1.00
2015.01.02 20:09:51.678,1.80128,1.80166,1.00,1.00
2015.01.02 20:09:52.183,1.80128,1.80167,1.00,1.00
2015.01.02 20:09:56.625,1.80128,1.80157,1.00,1.00
2015.01.02 20:09:56.877,1.80124,1.80157,1.00,1.00
2015.01.02 20:09:57.610,1.80124,1.80162,1.00,1.00
2015.01.02 20:09:58.414,1.80124,1.80161,1.00,1.00
2015.01.02 20:09:58.939,1.80124,1.80162,1.00,1.00
2015.01.02 20:09:59.703,1.80124,1.80167,1.00,1.00
2015.01.02 20:09:59.856,1.80124,1.80161,1.00,1.00
2015.01.02 20:10:01.128,1.80124,1.80162,1.00,1.00
2015.01.02 20:10:01.902,1.80124,1.80167,1.00,1.00
2015.01.02 20:10:11.802,1.80124,1.80166,1.00,1.00
2015.01.02 20:10:13.702,1.80127,1.80166,1.00,1.00
2015.01.02 20:10:14.604,1.80127,1.80167,1.00,1.00
2015.01.02 20:10:19.083,1.80127,1.80162,1.00,1.00
2015.01.02 20:10:19.641,1.80124,1.80162,1.00,1.00
2015.01.02 20:10:19.742,1.80118,1.80157,1.00,1.00
2015.01.02 20:10:19.843,1.80116,1.80152,1.00,1.00
2015.01.02 20:10:20.146,1.80113,1.80147,1.00,1.00
2015.01.02 20:10:20.399,1.80105,1.80142,1.00,1.00
2015.01.02 20:10:20.853,1.8011,1.80142,1.00,1.00
2015.01.02 20:10:20.954,1.80106,1.80142,1.00,1.00
2015.01.02 20:10:21.205,1.80104,1.80142,1.00,1.00
2015.01.02 20:10:21.407,1.8011,1.80147,1.00,1.00
2015.01.02 20:10:27.893,1.8011,1.80142,1.00,1.00
2015.01.02 20:10:27.994,1.80103,1.80142,1.00,1.00
2015.01.02 20:10:28.094,1.80103,1.80132,1.00,1.00
2015.01.02 20:10:28.246,1.80099,1.80132,1.00,1.00
2015.01.02 20:10:28.347,1.80097,1.80137,1.00,1.00
2015.01.02 20:10:36.914,1.80091,1.80136,1.00,1.50
2015.01.02 20:10:37.543,1.80091,1.80132,1.00,1.00
2015.01.02 20:10:37.854,1.801,1.80142,1.37,1.00
2015.01.02 20:10:38.156,1.80106,1.80142,1.37,1.00
2015.01.02 20:10:38.458,1.80102,1.80137,1.00,1.00
2015.01.02 20:10:41.881,1.80102,1.80141,1.00,1.00
2015.01.02 20:10:44.382,1.80102,1.80146,1.00,1.00
2015.01.02 20:10:44.936,1.80102,1.80147,1.00,1.50
2015.01.02 20:10:45.932,1.80102,1.80141,1.00,1.00
2015.01.02 20:10:48.126,1.80102,1.80146,1.00,1.00
2015.01.02 20:10:48.688,1.80102,1.80147,1.00,1.50
2015.01.02 20:10:51.402,1.80102,1.80146,1.00,1.00
2015.01.02 20:10:52.541,1.80102,1.80147,1.00,1.50
2015.01.02 20:10:54.172,1.80102,1.80146,1.00,1.00
2015.01.02 20:10:54.631,1.80102,1.80141,1.00,1.00
2015.01.02 20:10:55.161,1.80102,1.80142,1.00,1.00
2015.01.02 20:10:55.464,1.80096,1.80136,1.00,1.00
2015.01.02 20:10:55.816,1.80098,1.80142,1.00,1.00
2015.01.02 20:10:55.867,1.80098,1.80142,1.37,1.00
2015.01.02 20:10:56.169,1.80106,1.80146,1.00,1.00
2015.01.02 20:10:56.371,1.80106,1.80151,1.00,1.00
2015.01.02 20:10:57.011,1.80106,1.80147,1.00,1.00
2015.01.02 20:10:57.551,1.80106,1.80146,1.00,1.00
2015.01.02 20:10:57.859,1.80117,1.80151,1.12,1.00
2015.01.02 20:10:58.112,1.80117,1.80157,1.00,1.00
2015.01.02 20:10:58.364,1.80117,1.80162,1.00,1.50
2015.01.02 20:10:58.922,1.80117,1.80157,1.00,1.00
2015.01.02 20:10:59.335,1.80117,1.80152,1.00,1.00
2015.01.02 20:10:59.687,1.80112,1.80152,1.00,1.00
2015.01.02 20:10:59.889,1.80112,1.80146,1.00,1.00
2015.01.02 20:11:00.482,1.80112,1.80147,1.00,1.00
2015.01.02 20:11:01.093,1.80112,1.80152,1.00,1.00
2015.01.02 20:11:01.542,1.80112,1.80147,1.00,1.00
2015.01.02 20:11:01.845,1.80112,1.80146,1.75,1.00
2015.01.02 20:11:01.896,1.80115,1.80157,1.50,1.00
2015.01.02 20:11:01.997,1.80118,1.80161,1.37,1.00
2015.01.02 20:11:02.098,1.80118,1.80157,1.37,1.00
2015.01.02 20:11:02.601,1.80118,1.80157,1.37,1.00
2015.01.02 20:11:03.126,1.80123,1.80156,1.00,1.00
2015.01.02 20:11:04.941,1.80123,1.80162,1.00,1.00
2015.01.02 20:11:05.621,1.80123,1.80161,1.00,1.00
2015.01.02 20:11:05.923,1.80123,1.80157,1.00,1.00
2015.01.02 20:11:06.489,1.80123,1.80156,1.00,1.00
2015.01.02 20:11:07.022,1.80123,1.80157,1.00,1.00
2015.01.02 20:11:08.262,1.80123,1.80162,1.00,1.00
2015.01.02 20:11:08.917,1.80123,1.80157,1.00,1.00
2015.01.02 20:11:09.460,1.80123,1.80161,1.00,1.00
2015.01.02 20:11:10.002,1.80123,1.80162,1.00,1.00
2015.01.02 20:11:10.142,1.80123,1.80167,1.87,1.00
2015.01.02 20:11:10.193,1.80123,1.80167,2.25,1.00
2015.01.02 20:11:10.344,1.80133,1.80172,1.00,1.00
2015.01.02 20:11:10.546,1.80133,1.80172,1.34,1.00
2015.01.02 20:11:10.697,1.80135,1.80176,1.71,1.00
2015.01.02 20:11:10.748,1.8014,1.80176,1.00,1.00
2015.01.02 20:11:10.799,1.80141,1.80182,1.37,1.00
2015.01.02 20:11:10.899,1.80147,1.80192,1.00,1.50
2015.01.02 20:11:11.000,1.80151,1.80187,1.00,1.00
2015.01.02 20:11:11.101,1.80151,1.80192,1.00,1.00
2015.01.02 20:11:12.092,1.80154,1.80191,1.00,1.00
2015.01.02 20:11:12.193,1.80154,1.80196,1.00,1.00
2015.01.02 20:11:12.243,1.80161,1.80196,1.37,1.00
2015.01.02 20:11:12.344,1.80161,1.80206,1.37,1.00
2015.01.02 20:11:12.445,1.80165,1.80207,1.00,1.00
2015.01.02 20:11:13.007,1.80165,1.80202,1.00,1.00
2015.01.02 20:11:13.528,1.80165,1.80201,1.00,1.00
2015.01.02 20:11:13.780,1.8016,1.80197,1.00,1.00
2015.01.02 20:11:13.881,1.80157,1.80192,1.37,1.00
2015.01.02 20:11:14.385,1.80157,1.80192,1.00,1.00
2015.01.02 20:11:14.435,1.80157,1.80196,1.00,1.00
2015.01.02 20:11:14.637,1.80157,1.80192,1.00,1.00
2015.01.02 20:11:14.839,1.80157,1.80197,1.00,1.00
2015.01.02 20:11:15.398,1.80157,1.80192,1.00,1.00
2015.01.02 20:11:15.822,1.80157,1.80187,1.00,1.00
2015.01.02 20:11:17.362,1.80157,1.80191,1.00,1.00
2015.01.02 20:11:18.172,1.80157,1.80192,1.12,1.00
2015.01.02 20:11:18.692,1.80157,1.80191,1.00,1.00
2015.01.02 20:11:23.081,1.80157,1.80186,1.00,1.00
2015.01.02 20:11:23.233,1.80153,1.80186,1.00,1.00
2015.01.02 20:11:23.333,1.80153,1.80182,1.00,1.00
2015.01.02 20:11:23.455,1.80149,1.80182,1.00,1.00
2015.01.02 20:11:23.657,1.80144,1.80181,1.00,1.00
2015.01.02 20:11:24.069,1.80139,1.80177,1.00,1.00
2015.01.02 20:11:24.120,1.80136,1.80172,1.12,1.00
2015.01.02 20:11:24.441,1.80141,1.80171,1.00,1.00
2015.01.02 20:11:24.541,1.80141,1.80177,1.00,1.00
2015.01.02 20:11:25.095,1.80141,1.80182,1.00,1.00
2015.01.02 20:11:25.297,1.80141,1.80177,1.00,1.00
2015.01.02 20:11:25.610,1.80141,1.80182,1.00,1.00
2015.01.02 20:11:25.862,1.80141,1.80177,1.00,1.00
2015.01.02 20:11:26.380,1.80141,1.80181,1.37,1.00
2015.01.02 20:11:27.151,1.80141,1.80182,1.00,1.00
2015.01.02 20:11:27.700,1.80141,1.80182,1.37,1.00
2015.01.02 20:11:28.004,1.80141,1.80182,1.37,1.00
2015.01.02 20:11:28.364,1.80144,1.80182,1.37,1.00
2015.01.02 20:11:29.351,1.80144,1.80181,1.37,1.00
2015.01.02 20:11:29.502,1.80144,1.80181,1.00,1.00
2015.01.02 20:11:29.704,1.80144,1.80177,1.00,1.00
2015.01.02 20:11:29.805,1.80144,1.80182,1.00,1.00
2015.01.02 20:11:29.906,1.80144,1.80176,1.00,1.00
2015.01.02 20:11:30.059,1.80139,1.80176,1.00,1.00
2015.01.02 20:11:30.160,1.80139,1.80182,1.00,1.00
2015.01.02 20:11:30.381,1.80139,1.80176,1.37,1.00
2015.01.02 20:11:30.482,1.80139,1.80176,1.00,1.00
2015.01.02 20:11:30.583,1.80139,1.80184,1.00,1.00
2015.01.02 20:11:31.370,1.80139,1.80182,1.00,1.00
2015.01.02 20:11:32.911,1.80139,1.80184,1.00,1.00
2015.01.02 20:11:33.131,1.80139,1.80181,1.00,1.00
2015.01.02 20:11:33.633,1.80139,1.80182,1.00,1.00
2015.01.02 20:11:34.118,1.80139,1.80177,1.00,1.00
2015.01.02 20:11:34.341,1.80139,1.80182,1.00,1.00
2015.01.02 20:11:34.865,1.80139,1.80181,1.00,1.00
2015.01.02 20:11:35.295,1.80139,1.80177,1.00,1.00
2015.01.02 20:11:35.860,1.80139,1.80171,1.00,1.00
2015.01.02 20:11:36.163,1.80139,1.80166,1.00,1.00
2015.01.02 20:11:36.417,1.80136,1.80167,1.00,1.00
2015.01.02 20:11:38.372,1.80136,1.80162,1.00,1.00
2015.01.02 20:11:38.423,1.80132,1.80162,1.00,1.00
2015.01.02 20:11:38.524,1.80125,1.80162,1.09,1.00
2015.01.02 20:11:38.625,1.80122,1.80157,1.46,1.00
2015.01.02 20:11:38.945,1.80118,1.80152,1.37,1.00
2015.01.02 20:11:40.276,1.80118,1.80152,1.00,1.00
2015.01.02 20:11:40.351,1.80118,1.80157,1.00,1.00
2015.01.02 20:11:40.481,1.80118,1.80151,1.00,1.00
2015.01.02 20:11:40.841,1.80118,1.80157,1.00,1.00
2015.01.02 20:11:41.472,1.80116,1.80157,1.00,1.00
2015.01.02 20:11:41.560,1.80116,1.80152,1.00,1.00
2015.01.02 20:11:42.551,1.80116,1.80157,1.00,1.00
2015.01.02 20:11:44.433,1.80116,1.80156,1.00,1.00
2015.01.02 20:11:44.685,1.80119,1.80152,1.00,1.00
2015.01.02 20:11:44.785,1.80119,1.80157,1.00,1.00
2015.01.02 20:11:46.070,1.80119,1.80156,1.00,1.00
2015.01.02 20:11:47.098,1.80119,1.80157,1.00,1.00
2015.01.02 20:11:48.521,1.80119,1.80152,1.00,1.00
2015.01.02 20:11:48.824,1.80119,1.80156,1.00,1.00
2015.01.02 20:11:49.379,1.80113,1.80156,1.00,1.00
2015.01.02 20:11:49.832,1.80113,1.80152,1.00,1.00
2015.01.02 20:11:50.185,1.8011,1.80147,1.00,1.00
2015.01.02 20:11:50.622,1.8011,1.80141,1.00,1.00
2015.01.02 20:11:51.157,1.80107,1.80141,1.34,1.00
2015.01.02 20:11:51.701,1.80107,1.80142,1.34,1.00
2015.01.02 20:11:54.242,1.80105,1.80141,1.46,1.00
2015.01.02 20:11:54.444,1.80105,1.80147,1.46,1.00
2015.01.02 20:11:54.545,1.80105,1.80141,1.46,1.00
2015.01.02 20:11:55.060,1.80105,1.80142,1.46,1.00
2015.01.02 20:11:55.380,1.80105,1.80137,1.00,1.00
2015.01.02 20:11:55.481,1.80101,1.80137,1.37,1.00
2015.01.02 20:11:55.532,1.80101,1.80142,1.37,1.00
2015.01.02 20:11:56.566,1.80104,1.80142,1.00,1.00
2015.01.02 20:11:56.874,1.80104,1.80147,1.00,1.00
2015.01.02 20:11:57.772,1.80104,1.80147,1.37,1.00
2015.01.02 20:11:57.873,1.80104,1.80142,1.37,1.00
2015.01.02 20:11:58.075,1.80104,1.80147,1.37,1.00
2015.01.02 20:12:02.371,1.80104,1.80142,1.37,1.00
2015.01.02 20:12:03.151,1.80104,1.80137,1.37,1.00
2015.01.02 20:12:04.150,1.80104,1.80142,1.37,1.00
2015.01.02 20:12:04.920,1.80104,1.80141,1.37,1.00
2015.01.02 20:12:05.365,1.80104,1.80137,1.37,1.00
2015.01.02 20:12:07.670,1.80108,1.80142,1.00,1.00
2015.01.02 20:12:07.872,1.80108,1.80147,1.00,1.00
2015.01.02 20:12:08.073,1.80108,1.80142,1.00,1.00
2015.01.02 20:12:08.326,1.80108,1.80147,1.00,1.00
2015.01.02 20:12:09.290,1.80108,1.80142,1.00,1.00
2015.01.02 20:12:09.638,1.80108,1.80137,1.00,1.00
2015.01.02 20:12:09.871,1.80108,1.80142,1.00,1.00
2015.01.02 20:12:10.086,1.80108,1.80147,1.00,1.00
2015.01.02 20:12:10.712,1.80108,1.80147,1.37,1.00
2015.01.02 20:12:11.690,1.80108,1.80147,1.00,1.00
2015.01.02 20:12:11.741,1.80104,1.80148,1.37,1.00
2015.01.02 20:12:12.360,1.80103,1.80146,1.37,1.00
2015.01.02 20:12:12.866,1.80103,1.80147,1.37,1.00
2015.01.02 20:12:13.169,1.80109,1.80151,1.12,1.50
2015.01.02 20:12:13.472,1.80112,1.80152,1.00,1.00
2015.01.02 20:12:13.774,1.80108,1.80147,1.00,1.00
2015.01.02 20:12:14.076,1.80112,1.80146,1.34,1.00
2015.01.02 20:12:14.379,1.80112,1.80152,1.00,1.00
2015.01.02 20:12:14.479,1.80114,1.80152,1.00,1.00
2015.01.02 20:12:14.909,1.80114,1.80157,1.00,1.00
2015.01.02 20:12:15.659,1.80114,1.80151,1.00,1.00
2015.01.02 20:12:16.247,1.80112,1.80155,1.00,1.00
2015.01.02 20:12:16.348,1.80112,1.80141,1.00,1.00
2015.01.02 20:12:16.560,1.80112,1.80147,1.00,1.00
2015.01.02 20:12:16.812,1.80108,1.80146,1.00,1.00
2015.01.02 20:12:17.215,1.80115,1.80146,1.00,1.00
2015.01.02 20:12:17.756,1.80115,1.80147,1.00,1.00
2015.01.02 20:12:18.452,1.80115,1.80152,1.00,1.00
2015.01.02 20:12:19.196,1.80115,1.80151,1.00,1.00
2015.01.02 20:12:19.296,1.80115,1.80147,1.00,1.00
2015.01.02 20:12:19.448,1.80112,1.80147,1.00,1.00
2015.01.02 20:12:20.640,1.80112,1.80147,1.37,1.00
2015.01.02 20:12:20.742,1.80116,1.80152,1.00,1.00
2015.01.02 20:12:21.200,1.80116,1.80147,1.00,1.00
2015.01.02 20:12:21.414,1.80116,1.80152,1.00,1.00
2015.01.02 20:12:21.619,1.80116,1.80147,1.00,1.00
2015.01.02 20:12:22.411,1.80116,1.80151,1.00,1.00
2015.01.02 20:12:22.951,1.80116,1.80152,1.00,1.00
2015.01.02 20:12:23.847,1.80111,1.80152,1.00,1.00
2015.01.02 20:12:24.049,1.80119,1.80147,1.00,1.00
2015.01.02 20:12:24.150,1.80123,1.80157,1.00,1.00
2015.01.02 20:12:24.251,1.80128,1.80157,1.00,1.00
2015.01.02 20:12:24.352,1.80128,1.80162,1.00,1.00
2015.01.02 20:12:24.604,1.80128,1.80167,1.00,1.00
2015.01.02 20:12:28.662,1.80128,1.80162,1.00,1.00
2015.01.02 20:12:29.119,1.80128,1.80157,1.00,1.00
2015.01.02 20:12:30.843,1.80128,1.80162,1.00,1.00
2015.01.02 20:12:31.650,1.80128,1.80156,1.00,1.00
2015.01.02 20:12:32.600,1.80128,1.80161,1.00,1.00
2015.01.02 20:12:33.262,1.80128,1.80166,1.00,1.00
2015.01.02 20:12:33.514,1.80128,1.80171,1.00,1.50
2015.01.02 20:12:34.843,1.80128,1.80167,1.00,1.00
2015.01.02 20:12:35.569,1.80128,1.80171,1.00,1.00
2015.01.02 20:12:35.789,1.80128,1.80166,1.00,1.00
2015.01.02 20:12:37.110,1.80128,1.80171,1.00,1.50
2015.01.02 20:12:37.362,1.80128,1.80166,1.00,1.00
2015.01.02 20:12:38.915,1.80128,1.80162,1.00,1.00
2015.01.02 20:12:39.309,1.80128,1.80166,1.00,1.00
2015.01.02 20:12:40.551,1.8013,1.80166,1.00,1.00
2015.01.02 20:12:40.652,1.80127,1.80172,1.00,1.50
2015.01.02 20:12:41.288,1.80127,1.80167,1.00,1.00
2015.01.02 20:12:42.427,1.80127,1.80162,1.00,1.00
2015.01.02 20:12:43.086,1.80127,1.80161,1.00,1.00
2015.01.02 20:12:45.734,1.80127,1.80157,1.00,1.00
2015.01.02 20:12:46.136,1.80127,1.80167,1.00,1.00
2015.01.02 20:12:48.879,1.80127,1.80161,1.00,1.00
2015.01.02 20:12:50.092,1.80127,1.80152,1.00,1.00
2015.01.02 20:12:50.143,1.80123,1.80152,1.00,1.00
2015.01.02 20:12:50.344,1.80123,1.80156,1.00,1.00
2015.01.02 20:12:50.546,1.80123,1.80162,1.00,1.00
2015.01.02 20:12:50.647,1.80123,1.80157,1.00,1.00
2015.01.02 20:12:50.960,1.80123,1.80152,1.00,1.00
2015.01.02 20:12:51.189,1.80123,1.80157,1.00,1.00
2015.01.02 20:12:51.340,1.80123,1.80152,1.00,1.00
2015.01.02 20:12:51.895,1.80123,1.80157,1.00,1.00
2015.01.02 20:12:51.996,1.80128,1.80157,1.00,1.00
2015.01.02 20:12:52.097,1.80128,1.80162,1.00,1.00
2015.01.02 20:12:52.692,1.80128,1.80162,1.37,1.00
2015.01.02 20:12:52.843,1.80128,1.80147,1.00,1.00
2015.01.02 20:12:52.894,1.80124,1.80147,1.00,1.00
2015.01.02 20:12:52.995,1.80124,1.80152,1.00,1.00
2015.01.02 20:12:53.096,1.80124,1.80157,1.00,1.00
2015.01.02 20:12:53.550,1.80124,1.80161,1.00,1.00
2015.01.02 20:12:54.203,1.80124,1.80157,1.00,1.00
2015.01.02 20:12:54.305,1.80124,1.80162,1.00,1.00
2015.01.02 20:12:54.407,1.80124,1.80169,1.00,1.00
2015.01.02 20:12:54.508,1.80131,1.80172,1.00,1.00
2015.01.02 20:12:54.610,1.80131,1.80176,1.37,1.50
2015.01.02 20:12:55.058,1.80135,1.80176,1.00,1.00
2015.01.02 20:12:55.577,1.80135,1.80177,1.12,1.00
2015.01.02 20:12:56.579,1.80135,1.80172,1.12,1.00
2015.01.02 20:12:56.803,1.80135,1.80177,1.12,1.00
2015.01.02 20:12:57.169,1.80135,1.80172,1.12,1.00
2015.01.02 20:12:57.350,1.80135,1.80177,1.12,1.00
2015.01.02 20:12:57.602,1.80135,1.80172,1.12,1.00
2015.01.02 20:12:57.951,1.80135,1.80176,1.12,1.00
2015.01.02 20:12:58.473,1.80135,1.80177,1.12,1.00
2015.01.02 20:12:58.989,1.80135,1.80176,1.12,1.00
2015.01.02 20:13:00.763,1.80135,1.80172,1.12,1.00
2015.01.02 20:13:01.649,1.80135,1.80176,1.12,1.00
2015.01.02 20:13:02.758,1.80135,1.80172,1.12,1.00
2015.01.02 20:13:08.349,1.80135,1.80171,1.12,1.00
2015.01.02 20:13:10.672,1.80135,1.8018,1.12,1.00
2015.01.02 20:13:10.722,1.8014,1.80182,1.00,1.00
2015.01.02 20:13:11.025,1.80146,1.80187,1.37,1.00
2015.01.02 20:13:11.100,1.80146,1.80191,1.37,1.00
2015.01.02 20:13:11.201,1.80151,1.80191,1.12,1.00
2015.01.02 20:13:11.353,1.80154,1.80197,1.00,1.00
2015.01.02 20:13:11.446,1.80158,1.80197,1.00,1.00
2015.01.02 20:13:11.757,1.80158,1.80191,1.00,1.00
2015.01.02 20:13:12.679,1.80158,1.80186,1.00,1.00
2015.01.02 20:13:13.204,1.80158,1.80192,1.00,1.00
2015.01.02 20:13:13.254,1.80161,1.80192,1.00,1.00
2015.01.02 20:13:13.557,1.80161,1.80187,1.00,1.00
2015.01.02 20:13:13.861,1.80161,1.80192,1.00,1.00
2015.01.02 20:13:14.068,1.80161,1.80187,1.00,1.00
2015.01.02 20:13:16.253,1.80159,1.80187,1.00,1.00
2015.01.02 20:13:16.304,1.80154,1.80192,1.00,1.00
2015.01.02 20:13:16.405,1.8015,1.80182,1.12,1.00
2015.01.02 20:13:16.759,1.80153,1.80181,1.00,1.00
2015.01.02 20:13:16.860,1.80153,1.80186,1.00,1.00
2015.01.02 20:13:16.961,1.80151,1.80186,1.00,1.00
2015.01.02 20:13:17.062,1.80151,1.80182,1.00,1.00
2015.01.02 20:13:17.633,1.80151,1.80181,1.00,1.00
2015.01.02 20:13:19.349,1.80151,1.80187,1.00,1.00
2015.01.02 20:13:21.780,1.80151,1.80181,1.00,1.00
2015.01.02 20:13:21.932,1.80143,1.80177,1.00,1.00
2015.01.02 20:13:22.134,1.8014,1.80172,1.00,1.00
2015.01.02 20:13:22.549,1.8014,1.80167,1.00,1.00
2015.01.02 20:13:23.116,1.8014,1.80172,1.00,1.00
2015.01.02 20:13:23.680,1.8014,1.80177,1.00,1.00
2015.01.02 20:13:23.882,1.8014,1.80182,1.00,1.00
2015.01.02 20:13:26.879,1.8014,1.80182,1.37,1.00
2015.01.02 20:13:27.181,1.80144,1.80176,1.00,1.00
2015.01.02 20:13:27.650,1.80144,1.80182,1.37,1.00
2015.01.02 20:13:27.818,1.80144,1.80187,1.37,1.50
2015.01.02 20:13:28.808,1.80144,1.80186,1.37,1.00
2015.01.02 20:13:29.417,1.80144,1.80187,1.37,1.50
2015.01.02 20:13:31.090,1.80144,1.80187,1.00,1.50
2015.01.02 20:13:31.141,1.80144,1.80182,1.00,1.00
2015.01.02 20:13:31.465,1.80148,1.80176,1.00,1.00
2015.01.02 20:13:32.012,1.80148,1.80177,1.00,1.00
2015.01.02 20:13:32.062,1.80145,1.80177,1.00,1.00
2015.01.02 20:13:32.566,1.80145,1.80181,1.00,1.00
2015.01.02 20:13:32.818,1.8014,1.80182,1.00,1.00
2015.01.02 20:13:34.108,1.8014,1.80177,1.00,1.00
2015.01.02 20:13:35.437,1.80134,1.80172,1.00,1.00
2015.01.02 20:13:35.947,1.80134,1.80171,1.00,1.00
2015.01.02 20:13:36.391,1.80134,1.80171,1.37,1.00
2015.01.02 20:13:36.441,1.80137,1.80177,1.00,1.00
2015.01.02 20:13:36.972,1.80134,1.80177,1.37,1.00
2015.01.02 20:13:37.058,1.80134,1.80179,1.37,1.00
2015.01.02 20:13:39.501,1.80134,1.80179,1.37,1.00
2015.01.02 20:13:45.650,1.80134,1.80179,1.00,1.00
2015.01.02 20:13:47.960,1.80134,1.80177,1.00,1.00
2015.01.02 20:13:48.296,1.80134,1.80179,1.00,1.00
2015.01.02 20:13:52.338,1.80134,1.80177,1.00,1.00
2015.01.02 20:13:52.669,1.80134,1.80179,1.00,1.00
2015.01.02 20:13:52.871,1.80134,1.80177,1.00,1.00
2015.01.02 20:13:53.338,1.80134,1.80179,1.00,1.00
2015.01.02 20:13:53.599,1.80134,1.80177,1.00,1.00
2015.01.02 20:13:53.653,1.80134,1.80179,1.00,1.00
2015.01.02 20:13:55.867,1.80134,1.80176,1.00,1.00
2015.01.02 20:13:56.418,1.80134,1.80177,1.00,1.00
2015.01.02 20:13:56.856,1.80134,1.80179,1.00,1.00
2015.01.02 20:13:57.360,1.80136,1.80179,1.00,1.00
2015.01.02 20:13:57.612,1.80139,1.80184,1.00,1.00
2015.01.02 20:13:57.915,1.80142,1.80187,1.00,1.50
2015.01.02 20:14:01.560,1.80142,1.80182,1.00,1.00
2015.01.02 20:14:01.671,1.80142,1.80186,1.00,1.00
2015.01.02 20:14:02.678,1.80142,1.80181,1.00,1.00
2015.01.02 20:14:02.896,1.80142,1.80187,1.00,1.50
2015.01.02 20:14:04.491,1.80146,1.80187,1.00,1.00
2015.01.02 20:14:04.894,1.80146,1.80189,1.00,1.00
2015.01.02 20:14:05.096,1.80146,1.80187,1.00,1.00
2015.01.02 20:14:05.450,1.80146,1.80189,1.00,1.00
2015.01.02 20:14:06.619,1.80146,1.80186,1.00,1.00
2015.01.02 20:14:07.120,1.80146,1.80187,1.00,1.00
2015.01.02 20:14:07.519,1.80146,1.80182,1.00,1.00
2015.01.02 20:14:08.035,1.80146,1.80181,1.00,1.00
2015.01.02 20:14:08.562,1.80146,1.80182,1.00,1.00
2015.01.02 20:14:08.968,1.80146,1.80182,1.75,1.00
2015.01.02 20:14:09.070,1.80152,1.80196,1.37,1.00
2015.01.02 20:14:09.121,1.80158,1.80196,1.00,1.00
2015.01.02 20:14:09.424,1.80162,1.80197,1.50,1.00
2015.01.02 20:14:09.727,1.80165,1.80197,1.00,1.00
2015.01.02 20:14:10.060,1.80169,1.80197,1.00,1.00
2015.01.02 20:14:13.574,1.80169,1.80202,1.00,1.00
2015.01.02 20:14:17.067,1.80169,1.80201,1.00,1.00
2015.01.02 20:14:18.428,1.80169,1.80206,1.00,1.00
2015.01.02 20:14:19.419,1.80169,1.80202,1.00,1.00
2015.01.02 20:14:20.810,1.80169,1.80201,1.00,1.00
2015.01.02 20:14:21.339,1.80169,1.80202,1.00,1.00
2015.01.02 20:14:21.440,1.80167,1.80202,1.00,1.00
2015.01.02 20:14:21.594,1.80167,1.80207,1.00,1.00
2015.01.02 20:14:24.329,1.80167,1.80202,1.00,1.00
2015.01.02 20:14:24.588,1.80167,1.80207,1.00,1.00
2015.01.02 20:14:28.397,1.80167,1.80206,1.00,1.00
2015.01.02 20:14:32.073,1.80167,1.80207,1.00,1.00
2015.01.02 20:14:40.439,1.80167,1.80206,1.00,1.00
2015.01.02 20:14:41.471,1.80172,1.80206,1.00,1.00
2015.01.02 20:14:41.572,1.8017,1.80206,1.00,1.00
2015.01.02 20:14:41.673,1.80166,1.80207,1.00,1.00
2015.01.02 20:14:53.812,1.80166,1.80202,1.00,1.00
2015.01.02 20:15:04.747,1.80171,1.80202,1.00,1.00
2015.01.02 20:15:04.949,1.80182,1.80217,1.37,1.00
2015.01.02 20:15:05.100,1.80186,1.80217,1.00,1.00
2015.01.02 20:15:05.359,1.80186,1.80222,1.00,1.00
2015.01.02 20:15:06.148,1.80186,1.80221,1.00,1.00
2015.01.02 20:15:10.686,1.80186,1.80227,1.00,1.00
2015.01.02 20:15:11.649,1.80186,1.80221,1.00,1.00
2015.01.02 20:15:11.845,1.80186,1.80227,1.00,1.00
2015.01.02 20:15:14.047,1.80186,1.80222,1.00,1.00
2015.01.02 20:15:21.309,1.80186,1.80216,1.00,1.00
2015.01.02 20:15:21.511,1.80184,1.80216,1.00,1.00
2015.01.02 20:15:22.317,1.80184,1.80217,1.00,1.00
2015.01.02 20:15:22.418,1.80184,1.80222,1.00,1.00
2015.01.02 20:15:22.469,1.80188,1.80222,1.00,1.00
2015.01.02 20:15:22.775,1.80191,1.80216,1.00,1.00
2015.01.02 20:15:22.876,1.80191,1.80222,1.00,1.00
2015.01.02 20:15:23.077,1.80191,1.80217,1.00,1.00
2015.01.02 20:15:23.330,1.80193,1.80222,1.00,1.00
2015.01.02 20:15:23.481,1.80195,1.80222,1.00,1.00
2015.01.02 20:15:23.632,1.80195,1.80227,1.00,1.00
2015.01.02 20:15:23.784,1.80198,1.80226,1.00,1.00
2015.01.02 20:15:24.086,1.80198,1.80232,1.00,1.00
2015.01.02 20:15:24.298,1.80198,1.80237,1.37,1.00
2015.01.02 20:15:24.349,1.80207,1.80237,1.00,1.00
2015.01.02 20:15:24.652,1.80213,1.80246,1.00,1.00
2015.01.02 20:15:24.703,1.80218,1.80246,1.00,1.00
2015.01.02 20:15:25.006,1.8022,1.80246,1.00,1.00
2015.01.02 20:15:25.157,1.8022,1.80252,1.00,1.00
2015.01.02 20:15:25.379,1.8022,1.80257,1.00,1.00
2015.01.02 20:15:25.896,1.8022,1.80256,1.00,1.00
2015.01.02 20:15:26.051,1.8022,1.80252,1.00,1.00
2015.01.02 20:15:26.505,1.8022,1.80256,1.00,1.00
2015.01.02 20:15:27.032,1.8022,1.80252,1.00,1.00
2015.01.02 20:15:27.394,1.8022,1.80257,1.00,1.00
2015.01.02 20:15:28.156,1.8022,1.80252,1.00,1.00
2015.01.02 20:15:28.672,1.8022,1.80251,1.00,1.00
2015.01.02 20:15:28.924,1.8022,1.80257,1.00,1.00
2015.01.02 20:15:30.068,1.80213,1.80256,1.00,1.00
2015.01.02 20:15:30.118,1.80213,1.80246,1.00,1.00
2015.01.02 20:15:30.658,1.80213,1.80247,1.00,1.00
2015.01.02 20:15:31.582,1.80213,1.80252,1.00,1.00
2015.01.02 20:15:32.439,1.80213,1.80247,1.00,1.00
2015.01.02 20:15:32.971,1.80213,1.80246,1.00,1.00
2015.01.02 20:15:35.650,1.80213,1.80247,1.00,1.00
2015.01.02 20:15:35.902,1.80209,1.80247,1.00,1.00
2015.01.02 20:15:36.423,1.80209,1.80246,1.00,1.00
2015.01.02 20:15:37.036,1.80209,1.80247,1.00,1.00
2015.01.02 20:15:38.152,1.80209,1.80242,1.00,1.00
2015.01.02 20:15:38.304,1.80205,1.80242,1.00,1.00
2015.01.02 20:15:39.704,1.80205,1.80241,1.09,1.00
2015.01.02 20:15:39.755,1.8021,1.80241,1.00,1.00
2015.01.02 20:15:39.806,1.8021,1.80246,1.00,1.00
2015.01.02 20:15:39.907,1.80207,1.80246,1.00,1.00
2015.01.02 20:15:39.957,1.80213,1.80246,1.00,1.00
2015.01.02 20:15:40.519,1.8021,1.80246,1.00,1.00
2015.01.02 20:15:40.570,1.8021,1.80242,1.00,1.00
2015.01.02 20:15:43.244,1.8021,1.80241,1.00,1.00
2015.01.02 20:15:44.411,1.8021,1.80242,1.00,1.00
2015.01.02 20:15:46.941,1.8021,1.80247,1.00,1.00
2015.01.02 20:15:47.194,1.8021,1.80242,1.00,1.00
2015.01.02 20:15:47.295,1.8021,1.80247,1.00,1.00
2015.01.02 20:15:47.346,1.8021,1.80247,1.34,1.00
2015.01.02 20:15:47.497,1.80213,1.80252,1.34,1.00
2015.01.02 20:15:47.548,1.80213,1.80252,1.34,1.00
2015.01.02 20:15:47.598,1.80213,1.80247,1.34,1.00
2015.01.02 20:15:47.857,1.80213,1.80252,1.34,1.00
2015.01.02 20:15:49.178,1.80213,1.80246,1.34,1.00
2015.01.02 20:15:49.537,1.80216,1.80246,1.00,1.00
2015.01.02 20:15:49.840,1.80216,1.80252,1.00,1.00
2015.01.02 20:15:50.143,1.80216,1.80246,1.00,1.00
2015.01.02 20:15:50.345,1.80216,1.80252,1.00,1.00
2015.01.02 20:15:50.606,1.80216,1.80247,1.00,1.00
2015.01.02 20:15:50.944,1.80213,1.80251,1.00,1.00
2015.01.02 20:15:51.197,1.80213,1.80251,1.34,1.00
2015.01.02 20:15:51.247,1.80217,1.80257,1.34,1.00
2015.01.02 20:15:51.348,1.80216,1.80252,1.84,1.00
2015.01.02 20:15:51.600,1.80222,1.80257,1.00,1.00
2015.01.02 20:15:51.701,1.80222,1.80252,1.00,1.00
2015.01.02 20:15:51.903,1.80222,1.80256,1.00,1.00
2015.01.02 20:15:51.953,1.80225,1.80256,1.00,1.00
2015.01.02 20:15:52.356,1.80225,1.80262,1.00,1.00
2015.01.02 20:15:52.664,1.80225,1.80266,1.00,1.00
2015.01.02 20:15:52.715,1.80228,1.80266,1.00,1.00
2015.01.02 20:15:53.080,1.80228,1.80262,1.00,1.00
2015.01.02 20:15:53.795,1.80228,1.80267,1.00,1.00
2015.01.02 20:15:54.634,1.80228,1.80266,1.00,1.00
2015.01.02 20:15:54.871,1.80228,1.80262,1.00,1.00
2015.01.02 20:15:56.885,1.80228,1.80261,1.00,1.00
2015.01.02 20:15:57.116,1.80226,1.80262,1.00,1.00
2015.01.02 20:15:57.469,1.80221,1.80262,1.00,1.00
2015.01.02 20:15:58.616,1.80221,1.80257,1.00,1.00
2015.01.02 20:15:59.806,1.80221,1.80262,1.00,1.00
2015.01.02 20:15:59.957,1.80221,1.80256,1.00,1.00
2015.01.02 20:16:00.062,1.80221,1.80262,1.00,1.00
2015.01.02 20:16:00.164,1.80221,1.80257,1.00,1.00
2015.01.02 20:16:00.419,1.80217,1.80257,1.00,1.00
2015.01.02 20:16:00.932,1.80217,1.80256,1.00,1.00
2015.01.02 20:16:01.124,1.80217,1.80251,1.00,1.00
2015.01.02 20:16:01.698,1.80217,1.80252,1.00,1.00
2015.01.02 20:16:07.180,1.80217,1.80251,1.00,1.00
2015.01.02 20:16:07.644,1.80217,1.80257,1.00,1.00
2015.01.02 20:16:09.282,1.80217,1.80252,1.00,1.00
2015.01.02 20:16:09.333,1.80214,1.80252,1.00,1.00
2015.01.02 20:16:09.786,1.80208,1.80252,1.00,1.00
2015.01.02 20:16:10.033,1.80208,1.80247,1.00,1.00
2015.01.02 20:16:10.363,1.80208,1.80242,1.00,1.00
2015.01.02 20:16:10.600,1.80208,1.80247,1.00,1.00
2015.01.02 20:16:10.803,1.80208,1.80241,1.00,1.00
2015.01.02 20:16:11.311,1.80208,1.80242,1.00,1.00
2015.01.02 20:16:11.814,1.80208,1.80247,1.50,1.00
2015.01.02 20:16:12.087,1.80211,1.80247,1.50,1.00
2015.01.02 20:16:12.138,1.80211,1.80251,1.50,1.00
2015.01.02 20:16:12.390,1.80211,1.80256,1.50,1.00
2015.01.02 20:16:12.894,1.80211,1.80252,1.50,1.00
2015.01.02 20:16:13.866,1.80216,1.80252,1.00,1.00
2015.01.02 20:16:14.492,1.80214,1.80252,1.00,1.00
2015.01.02 20:16:14.996,1.80214,1.80251,1.00,1.00
2015.01.02 20:16:15.515,1.80214,1.80252,1.00,1.00
2015.01.02 20:16:15.868,1.80214,1.80257,1.00,1.50
2015.01.02 20:16:16.684,1.80214,1.80247,1.00,1.00
2015.01.02 20:16:16.935,1.8021,1.80246,1.34,1.00
2015.01.02 20:16:17.448,1.8021,1.80247,1.00,1.00
2015.01.02 20:16:18.613,1.8021,1.80246,1.00,1.00
2015.01.02 20:16:21.192,1.80214,1.80246,1.00,1.00
2015.01.02 20:16:21.953,1.80214,1.80247,1.00,1.00
2015.01.02 20:16:22.004,1.80209,1.80247,1.84,1.00
2015.01.02 20:16:22.155,1.80209,1.80242,1.84,1.00
2015.01.02 20:16:24.663,1.8021,1.80247,1.34,1.00
2015.01.02 20:16:25.050,1.80213,1.80246,1.00,1.00
2015.01.02 20:16:31.821,1.80213,1.80247,1.00,1.00
2015.01.02 20:16:32.145,1.80213,1.80252,1.00,1.00
2015.01.02 20:16:32.649,1.80213,1.80251,1.00,1.00
2015.01.02 20:16:33.385,1.80213,1.80252,1.00,1.00
2015.01.02 20:16:40.093,1.80213,1.80251,1.00,1.00
2015.01.02 20:16:40.833,1.80213,1.80252,1.00,1.00
2015.01.02 20:16:44.948,1.80213,1.80256,1.00,1.00
2015.01.02 20:16:45.154,1.80213,1.80251,1.00,1.00
2015.01.02 20:16:45.665,1.80213,1.80252,1.00,1.00
2015.01.02 20:16:48.134,1.80213,1.80251,1.00,1.00
2015.01.02 20:16:50.334,1.80213,1.80252,1.00,1.00
2015.01.02 20:16:51.660,1.80213,1.80257,1.00,1.00
2015.01.02 20:16:51.861,1.80213,1.80252,1.00,1.00
2015.01.02 20:16:52.399,1.80213,1.80247,1.00,1.00
2015.01.02 20:16:52.603,1.80213,1.80252,1.00,1.00
2015.01.02 20:16:52.823,1.80213,1.80247,1.00,1.00
2015.01.02 20:16:52.962,1.80213,1.80257,1.00,1.00
2015.01.02 20:16:53.165,1.80213,1.80251,1.00,1.00
2015.01.02 20:16:53.571,1.80209,1.80252,1.00,1.00
2015.01.02 20:16:53.622,1.80209,1.80254,1.00,1.00
2015.01.02 20:16:53.773,1.80213,1.80257,1.00,1.00
2015.01.02 20:16:53.876,1.80209,1.80254,1.00,1.00
2015.01.02 20:16:54.441,1.80212,1.80257,1.00,1.50
2015.01.02 20:16:55.043,1.80209,1.80254,1.12,1.00
2015.01.02 20:16:55.606,1.80209,1.80251,1.00,1.00
2015.01.02 20:16:56.505,1.80213,1.80251,1.00,1.00
2015.01.02 20:16:56.807,1.80213,1.80247,1.00,1.00
2015.01.02 20:16:57.600,1.80213,1.80246,1.00,1.00
2015.01.02 20:16:58.134,1.80213,1.80252,1.00,1.00
2015.01.02 20:16:58.638,1.80213,1.80251,1.00,1.00
2015.01.02 20:16:59.557,1.80213,1.80256,1.00,1.50
2015.01.02 20:16:59.658,1.80213,1.80247,1.00,1.00
2015.01.02 20:17:00.323,1.80213,1.80242,1.00,1.00
2015.01.02 20:17:05.344,1.80207,1.80242,1.00,1.00
2015.01.02 20:17:05.395,1.80207,1.80232,1.00,1.00
2015.01.02 20:17:05.605,1.80207,1.80237,1.00,1.00
2015.01.02 20:17:06.363,1.80207,1.80236,1.00,1.00
2015.01.02 20:17:07.127,1.80207,1.80237,1.00,1.00
2015.01.02 20:17:09.801,1.80207,1.80242,1.00,1.00
2015.01.02 20:17:09.902,1.80207,1.80247,1.00,1.00
2015.01.02 20:17:09.953,1.8021,1.80247,1.00,1.00
2015.01.02 20:17:10.468,1.8021,1.80246,1.00,1.00
2015.01.02 20:17:11.766,1.8021,1.80247,1.00,1.00
2015.01.02 20:17:13.760,1.8021,1.80246,1.00,1.00
2015.01.02 20:17:14.462,1.8021,1.80247,1.00,1.00
2015.01.02 20:17:15.236,1.8021,1.80246,1.00,1.00
2015.01.02 20:17:16.163,1.8021,1.80247,1.00,1.00
2015.01.02 20:17:18.125,1.8021,1.80242,1.00,1.00
2015.01.02 20:17:18.562,1.8021,1.80247,1.00,1.00
2015.01.02 20:17:19.713,1.8021,1.80252,1.00,1.00
2015.01.02 20:17:22.661,1.8021,1.80255,1.00,1.00
2015.01.02 20:17:22.862,1.8021,1.80252,1.00,1.00
2015.01.02 20:17:24.378,1.80216,1.80252,1.37,1.00
2015.01.02 20:17:24.429,1.80216,1.80255,1.87,1.00
2015.01.02 20:17:24.530,1.8022,1.80261,1.12,1.00
2015.01.02 20:17:24.631,1.8022,1.80256,1.87,1.00
2015.01.02 20:17:24.732,1.8022,1.80262,1.37,1.00
2015.01.02 20:17:24.833,1.80228,1.80262,1.00,1.00
2015.01.02 20:17:25.192,1.80228,1.80267,1.00,1.00
2015.01.02 20:17:27.589,1.80228,1.80271,1.00,1.50
2015.01.02 20:17:29.342,1.80228,1.80266,1.00,1.00
2015.01.02 20:17:29.645,1.80237,1.80272,1.00,1.00
2015.01.02 20:17:30.250,1.80237,1.80276,1.00,1.00
2015.01.02 20:17:30.763,1.80237,1.80277,1.00,1.00
2015.01.02 20:17:31.269,1.80237,1.80276,1.00,1.00
2015.01.02 20:17:32.004,1.80237,1.80277,1.00,1.00
2015.01.02 20:17:36.370,1.80242,1.80277,1.00,1.00
2015.01.02 20:17:36.420,1.80242,1.80282,1.00,1.00
2015.01.02 20:17:40.016,1.80242,1.80277,1.00,1.00
2015.01.02 20:17:40.940,1.80242,1.80276,1.00,1.00
2015.01.02 20:17:40.991,1.80238,1.80276,1.00,1.00
2015.01.02 20:17:41.333,1.80238,1.80271,1.00,1.00
2015.01.02 20:17:41.561,1.80238,1.80277,1.00,1.00
2015.01.02 20:17:42.140,1.80238,1.80276,1.00,1.00
2015.01.02 20:17:46.612,1.80238,1.80277,1.00,1.00
2015.01.02 20:17:49.582,1.80238,1.80272,1.00,1.00
2015.01.02 20:17:52.375,1.80238,1.80271,1.00,1.00
2015.01.02 20:17:52.970,1.80233,1.80271,1.00,1.00
2015.01.02 20:17:53.124,1.80233,1.80267,1.00,1.00
2015.01.02 20:17:53.427,1.8023,1.80266,1.00,1.00
2015.01.02 20:17:54.911,1.8023,1.80267,1.00,1.00
2015.01.02 20:17:55.063,1.80227,1.80267,1.00,1.00
2015.01.02 20:17:57.089,1.80227,1.80272,1.00,1.50
2015.01.02 20:17:57.606,1.80227,1.80271,1.00,1.00
2015.01.02 20:17:58.651,1.80227,1.80257,1.00,1.00
2015.01.02 20:17:58.803,1.80224,1.80257,1.00,1.00
2015.01.02 20:17:58.904,1.80222,1.80262,1.00,1.00
2015.01.02 20:18:00.806,1.80222,1.80265,1.00,1.00
2015.01.02 20:18:01.834,1.80222,1.80257,1.00,1.00
2015.01.02 20:18:02.402,1.80217,1.80257,1.00,1.00
2015.01.02 20:18:02.929,1.80217,1.80256,1.00,1.00
2015.01.02 20:18:03.689,1.80217,1.80257,1.00,1.00
2015.01.02 20:18:04.194,1.80214,1.80257,1.09,1.00
2015.01.02 20:18:06.851,1.80214,1.80259,1.09,1.00
2015.01.02 20:18:08.422,1.80218,1.80259,1.75,1.00
2015.01.02 20:18:08.534,1.80219,1.80262,2.25,1.00
2015.01.02 20:18:09.058,1.80224,1.80262,1.00,1.00
2015.01.02 20:18:09.311,1.80224,1.80261,1.37,1.00
2015.01.02 20:18:09.412,1.80224,1.80267,1.75,1.00
2015.01.02 20:18:10.811,1.8023,1.80262,1.12,1.00
2015.01.02 20:18:13.146,1.8023,1.80261,1.00,1.00
2015.01.02 20:18:13.197,1.80227,1.80261,1.00,1.00
2015.01.02 20:18:14.551,1.80227,1.80262,1.00,1.00
2015.01.02 20:18:14.722,1.80222,1.80262,1.00,1.00
2015.01.02 20:18:14.873,1.80213,1.80258,1.09,1.00
2015.01.02 20:18:16.683,1.80213,1.80257,1.00,1.00
2015.01.02 20:18:16.884,1.80213,1.80252,1.00,1.00
2015.01.02 20:18:17.287,1.80211,1.80252,1.00,1.00
2015.01.02 20:18:17.923,1.80211,1.80251,1.00,1.00
2015.01.02 20:18:18.330,1.80211,1.80247,1.00,1.00
2015.01.02 20:18:18.841,1.80211,1.80252,1.00,1.00
2015.01.02 20:18:20.543,1.80211,1.80246,1.00,1.00
2015.01.02 20:18:21.615,1.80211,1.80252,1.00,1.00
2015.01.02 20:18:24.150,1.80211,1.80251,1.00,1.00
2015.01.02 20:18:24.351,1.80211,1.80247,1.00,1.00
2015.01.02 20:18:24.671,1.80211,1.80246,1.50,1.00
2015.01.02 20:18:24.823,1.80213,1.80252,1.50,1.00
2015.01.02 20:18:25.573,1.80219,1.80252,1.00,1.00
2015.01.02 20:18:26.491,1.80219,1.80252,1.37,1.00
2015.01.02 20:18:26.643,1.80225,1.80252,1.00,1.00
2015.01.02 20:18:26.693,1.80225,1.80257,1.00,1.00
2015.01.02 20:18:26.981,1.80225,1.80262,1.00,1.00
2015.01.02 20:18:28.676,1.80225,1.80256,1.00,1.00
2015.01.02 20:18:28.994,1.80225,1.80262,1.00,1.00
2015.01.02 20:18:29.095,1.80225,1.80257,1.00,1.00
2015.01.02 20:18:29.291,1.80225,1.80262,1.00,1.00
2015.01.02 20:18:29.401,1.80225,1.80257,1.00,1.00
2015.01.02 20:18:30.108,1.80225,1.80262,1.00,1.00
2015.01.02 20:18:30.310,1.80225,1.80257,1.00,1.00
2015.01.02 20:18:30.832,1.80225,1.80262,1.00,1.00
2015.01.02 20:18:33.031,1.80225,1.80257,1.00,1.00
2015.01.02 20:18:35.211,1.80225,1.80262,1.00,1.00
2015.01.02 20:18:38.753,1.80225,1.80257,1.00,1.00
2015.01.02 20:18:39.121,1.80225,1.80262,1.00,1.00
2015.01.02 20:18:43.811,1.80225,1.80256,1.00,1.00
2015.01.02 20:18:44.361,1.80225,1.80257,1.00,1.00
2015.01.02 20:18:48.130,1.80225,1.80261,1.00,1.00
2015.01.02 20:18:50.640,1.80225,1.80262,1.00,1.00
2015.01.02 20:18:51.292,1.80225,1.80261,1.00,1.00
2015.01.02 20:18:51.827,1.80225,1.80262,1.00,1.00
2015.01.02 20:18:52.331,1.80225,1.80261,1.00,1.00
2015.01.02 20:18:52.847,1.80225,1.80262,1.00,1.00
2015.01.02 20:18:54.040,1.80225,1.80261,1.00,1.00
2015.01.02 20:18:54.577,1.80225,1.80262,1.00,1.00
2015.01.02 20:18:55.949,1.80225,1.80256,1.00,1.00
2015.01.02 20:18:56.130,1.80225,1.80262,1.00,1.00
2015.01.02 20:19:00.301,1.80229,1.80262,1.00,1.00
2015.01.02 20:19:00.603,1.80231,1.80262,1.00,1.00
2015.01.02 20:19:00.956,1.80235,1.80262,1.00,1.00
2015.01.02 20:19:01.006,1.80235,1.80267,1.00,1.00
2015.01.02 20:19:01.311,1.80235,1.80271,1.00,1.00
2015.01.02 20:19:01.630,1.80235,1.80267,1.00,1.00
2015.01.02 20:19:02.084,1.80235,1.80271,1.00,1.00
2015.01.02 20:19:08.450,1.80235,1.80267,1.00,1.00
2015.01.02 20:19:08.561,1.80235,1.80272,1.00,1.00
2015.01.02 20:19:10.795,1.80235,1.80267,1.00,1.00
2015.01.02 20:19:10.946,1.80231,1.80267,1.00,1.00
2015.01.02 20:19:10.997,1.80231,1.80257,1.00,1.00
2015.01.02 20:19:11.047,1.80229,1.80257,1.00,1.00
2015.01.02 20:19:11.098,1.80229,1.80261,1.00,1.00
2015.01.02 20:19:11.630,1.80229,1.80262,1.00,1.00
2015.01.02 20:19:12.134,1.80229,1.80261,1.00,1.00
2015.01.02 20:19:12.726,1.80233,1.80261,1.00,1.00
2015.01.02 20:19:13.300,1.80233,1.80262,1.00,1.00
2015.01.02 20:19:13.810,1.80233,1.80261,1.00,1.00
2015.01.02 20:19:14.393,1.80233,1.80262,1.00,1.00
2015.01.02 20:19:15.382,1.80233,1.80267,1.00,1.00
2015.01.02 20:19:16.270,1.80233,1.80261,1.00,1.00
2015.01.02 20:19:19.127,1.80233,1.80267,1.00,1.00
2015.01.02 20:19:19.278,1.80233,1.80261,1.00,1.00
2015.01.02 20:19:19.581,1.80233,1.80267,1.00,1.00
2015.01.02 20:19:21.733,1.80231,1.80267,1.00,1.00
2015.01.02 20:19:21.884,1.80231,1.80262,1.00,1.00
2015.01.02 20:19:22.429,1.80231,1.80261,1.00,1.00
2015.01.02 20:19:23.501,1.80238,1.80261,1.00,1.00
2015.01.02 20:19:23.653,1.80238,1.80282,2.21,1.00
2015.01.02 20:19:23.704,1.8025,1.80282,1.00,1.00
2015.01.02 20:19:23.855,1.8025,1.80292,1.34,1.00
2015.01.02 20:19:24.108,1.80259,1.80295,1.50,1.00
2015.01.02 20:19:24.310,1.80262,1.80307,1.00,1.50
2015.01.02 20:19:24.361,1.80268,1.80307,1.00,1.00
2015.01.02 20:19:25.294,1.80268,1.80306,1.00,1.00
2015.01.02 20:19:25.890,1.80268,1.80307,1.00,1.00
2015.01.02 20:19:26.271,1.80268,1.80302,1.00,1.00
2015.01.02 20:19:26.632,1.80268,1.80307,1.00,1.00
2015.01.02 20:19:29.349,1.80268,1.80302,1.00,1.00
2015.01.02 20:19:31.321,1.80271,1.80302,1.00,1.00
2015.01.02 20:19:31.624,1.80301,1.8034,1.84,1.00
2015.01.02 20:19:31.674,1.80301,1.80327,1.84,1.00
2015.01.02 20:19:31.775,1.80302,1.80337,1.34,1.00
2015.01.02 20:19:31.927,1.80306,1.80342,1.34,1.00
2015.01.02 20:19:32.028,1.80313,1.80342,1.00,1.00
2015.01.02 20:19:32.640,1.8031,1.80342,1.00,1.00
2015.01.02 20:19:33.144,1.8031,1.80341,1.00,1.00
2015.01.02 20:19:36.280,1.80309,1.80341,1.50,1.00
2015.01.02 20:19:37.059,1.80309,1.80342,1.50,1.00
2015.01.02 20:19:37.774,1.80309,1.80341,1.50,1.00
2015.01.02 20:19:39.611,1.80309,1.80342,1.50,1.00
2015.01.02 20:19:40.162,1.80309,1.80341,1.50,1.00
2015.01.02 20:19:40.570,1.80309,1.80337,1.50,1.00
2015.01.02 20:19:40.722,1.80305,1.80337,1.00,1.00
2015.01.02 20:19:40.823,1.80305,1.80331,1.00,1.00
2015.01.02 20:19:40.975,1.80302,1.80331,1.00,1.00
2015.01.02 20:19:41.076,1.80298,1.80331,1.00,1.00
2015.01.02 20:19:41.127,1.80298,1.80327,1.00,1.00
2015.01.02 20:19:41.374,1.80295,1.80327,1.00,1.00
2015.01.02 20:19:42.930,1.80295,1.80321,1.00,1.00
2015.01.02 20:19:42.980,1.80291,1.80321,1.00,1.00
2015.01.02 20:19:45.233,1.80291,1.80327,1.00,1.00
2015.01.02 20:19:45.436,1.80291,1.80322,1.00,1.00
2015.01.02 20:19:48.659,1.80288,1.80322,1.12,1.00
2015.01.02 20:19:52.560,1.80288,1.80321,1.12,1.00
2015.01.02 20:19:53.790,1.80284,1.80321,1.00,1.00
2015.01.02 20:19:53.891,1.8028,1.80317,1.00,1.00
2015.01.02 20:19:53.941,1.80276,1.80317,1.00,1.00
2015.01.02 20:19:54.101,1.80276,1.80311,1.00,1.00
2015.01.02 20:19:54.202,1.80273,1.80311,1.00,1.00
2015.01.02 20:19:54.353,1.80273,1.80307,1.00,1.00
2015.01.02 20:19:54.821,1.80269,1.80307,1.00,1.00
2015.01.02 20:19:54.972,1.80255,1.803,1.00,1.00
2015.01.02 20:19:55.123,1.80255,1.80292,1.00,1.00
2015.01.02 20:19:55.539,1.8026,1.80297,1.00,1.00
2015.01.02 20:19:55.842,1.80262,1.80297,1.00,1.00
2015.01.02 20:19:57.139,1.80258,1.80297,1.34,1.00
2015.01.02 20:19:59.612,1.80258,1.80302,1.34,1.00
2015.01.02 20:20:00.115,1.80258,1.80301,1.34,1.00
2015.01.02 20:20:02.476,1.80258,1.80301,1.00,1.00
2015.01.02 20:20:02.628,1.80258,1.80302,1.37,1.00
2015.01.02 20:20:02.830,1.80263,1.80307,1.00,1.00
2015.01.02 20:20:03.031,1.80263,1.80307,1.37,1.00
2015.01.02 20:20:03.551,1.80263,1.80306,1.37,1.00
2015.01.02 20:20:04.625,1.80263,1.80306,1.37,1.00
2015.01.02 20:20:05.660,1.80263,1.80307,1.37,1.00
2015.01.02 20:20:05.870,1.80263,1.80302,1.37,1.00
2015.01.02 20:20:06.494,1.80267,1.80302,1.00,1.00
2015.01.02 20:20:06.808,1.8026,1.80302,1.34,1.00
2015.01.02 20:20:06.860,1.8026,1.80297,1.00,1.00
2015.01.02 20:20:07.364,1.8026,1.80296,1.00,1.00
2015.01.02 20:20:11.154,1.8026,1.80301,1.00,1.00
2015.01.02 20:20:15.110,1.8026,1.80297,1.00,1.00
2015.01.02 20:20:17.866,1.8026,1.80301,1.00,1.00
2015.01.02 20:20:19.642,1.8026,1.80296,1.00,1.00
2015.01.02 20:20:26.880,1.8026,1.80291,1.00,1.00
2015.01.02 20:20:27.980,1.8026,1.80292,1.00,1.00
2015.01.02 20:20:29.130,1.8026,1.80302,1.00,1.00
2015.01.02 20:20:31.492,1.8026,1.80302,1.50,1.00
2015.01.02 20:20:32.819,1.80265,1.80306,1.12,1.00
2015.01.02 20:20:33.425,1.80265,1.80306,1.37,1.00
2015.01.02 20:20:33.970,1.80265,1.80307,1.37,1.00
2015.01.02 20:20:34.640,1.80268,1.80307,1.00,1.00
2015.01.02 20:20:34.791,1.80265,1.80307,1.37,1.00
2015.01.02 20:20:36.088,1.80265,1.80307,1.00,1.00
2015.01.02 20:20:36.906,1.80265,1.80306,1.00,1.00
2015.01.02 20:20:40.752,1.80265,1.80307,1.00,1.00
2015.01.02 20:20:42.137,1.80265,1.80308,1.00,1.00
2015.01.02 20:20:42.353,1.80265,1.8031,1.00,1.00
2015.01.02 20:20:42.404,1.80265,1.80307,1.00,1.00
2015.01.02 20:20:42.656,1.80265,1.8031,1.00,1.00
2015.01.02 20:20:43.352,1.80265,1.8031,1.84,1.00
2015.01.02 20:20:43.604,1.80273,1.80316,1.00,1.00
2015.01.02 20:20:43.705,1.80275,1.80316,1.00,1.00
2015.01.02 20:20:44.008,1.80275,1.80307,1.00,1.00
2015.01.02 20:20:44.310,1.80265,1.80296,1.00,1.00
2015.01.02 20:20:44.361,1.8026,1.80296,1.00,1.00
2015.01.02 20:20:44.930,1.80261,1.80297,1.00,1.00
2015.01.02 20:20:45.233,1.80257,1.80297,1.00,1.00
2015.01.02 20:20:45.385,1.80257,1.80292,1.00,1.00
2015.01.02 20:20:46.349,1.80257,1.80286,1.00,1.00
2015.01.02 20:20:46.827,1.80257,1.80291,1.00,1.00
2015.01.02 20:20:47.131,1.80257,1.80286,1.00,1.00
2015.01.02 20:20:47.698,1.80257,1.80287,1.00,1.00
2015.01.02 20:20:49.520,1.80254,1.80287,1.00,1.00
2015.01.02 20:20:49.571,1.80254,1.80282,1.00,1.00
2015.01.02 20:20:49.622,1.8025,1.80282,1.00,1.00
2015.01.02 20:20:49.915,1.80246,1.80282,1.00,1.00
2015.01.02 20:20:50.260,1.80243,1.80282,1.00,1.00
2015.01.02 20:20:50.411,1.80247,1.80281,1.00,1.00
2015.01.02 20:20:50.619,1.80244,1.80281,1.00,1.00
2015.01.02 20:20:50.873,1.80244,1.80277,1.00,1.00
2015.01.02 20:20:51.175,1.8024,1.80271,1.00,1.00
2015.01.02 20:20:51.849,1.8024,1.80272,1.00,1.00
2015.01.02 20:20:52.354,1.8024,1.80271,1.37,1.00
2015.01.02 20:20:52.657,1.8024,1.80277,1.37,1.00
2015.01.02 20:20:53.179,1.80243,1.80277,1.00,1.00
2015.01.02 20:20:55.415,1.80243,1.80276,1.00,1.00
2015.01.02 20:20:58.670,1.80243,1.80277,1.00,1.00
2015.01.02 20:21:00.979,1.80243,1.80271,1.00,1.00
2015.01.02 20:21:01.571,1.80243,1.80277,1.00,1.00
2015.01.02 20:21:02.849,1.80243,1.80272,1.00,1.00
2015.01.02 20:21:02.950,1.80237,1.80272,1.00,1.00
2015.01.02 20:21:03.102,1.80237,1.80267,1.00,1.00
2015.01.02 20:21:03.152,1.80234,1.80267,1.00,1.00
2015.01.02 20:21:03.353,1.80237,1.80267,1.00,1.00
2015.01.02 20:21:12.200,1.80237,1.80261,1.00,1.00
2015.01.02 20:21:13.471,1.80233,1.80261,1.00,1.00
2015.01.02 20:21:14.419,1.80233,1.80262,1.00,1.00
2015.01.02 20:21:16.113,1.80237,1.80262,1.00,1.00
2015.01.02 20:21:16.264,1.80233,1.80262,1.00,1.00
2015.01.02 20:21:16.466,1.80229,1.80261,1.00,1.00
2015.01.02 20:21:16.617,1.80229,1.80257,1.00,1.00
2015.01.02 20:21:18.359,1.80229,1.80262,1.00,1.00
2015.01.02 20:21:18.561,1.80226,1.80262,1.00,1.00
2015.01.02 20:21:20.900,1.80226,1.80267,1.00,1.00
2015.01.02 20:21:21.258,1.80229,1.80267,1.00,1.00
2015.01.02 20:21:21.359,1.80234,1.80276,1.37,1.00
2015.01.02 20:21:21.410,1.80237,1.80276,1.00,1.00
2015.01.02 20:21:21.562,1.80237,1.80282,1.00,1.50
2015.01.02 20:21:21.613,1.80241,1.80282,1.00,1.00
2015.01.02 20:21:23.859,1.80244,1.80282,1.00,1.00
2015.01.02 20:21:26.297,1.80244,1.80281,1.00,1.00
2015.01.02 20:21:33.679,1.80244,1.80287,1.00,1.00
2015.01.02 20:21:36.431,1.80244,1.80286,1.00,1.00
2015.01.02 20:21:44.868,1.80244,1.80289,1.00,1.00
2015.01.02 20:21:50.047,1.80244,1.80287,1.00,1.00
2015.01.02 20:21:50.841,1.80244,1.80289,1.00,1.00
2015.01.02 20:22:00.619,1.80244,1.80282,1.00,1.00
2015.01.02 20:22:00.820,1.80244,1.80289,1.00,1.12
2015.01.02 20:22:04.689,1.80244,1.80286,1.00,1.00
2015.01.02 20:22:04.840,1.8024,1.80285,1.00,1.00
2015.01.02 20:22:05.132,1.8024,1.80282,1.00,1.00
2015.01.02 20:22:05.668,1.8024,1.80281,1.00,1.00
2015.01.02 20:22:14.897,1.80237,1.80281,1.00,1.00
2015.01.02 20:22:17.338,1.80237,1.80277,1.00,1.00
2015.01.02 20:22:17.489,1.80229,1.80274,1.00,1.00
2015.01.02 20:22:17.641,1.80229,1.80274,1.34,1.00
2015.01.02 20:22:17.741,1.80232,1.80277,1.09,1.50
2015.01.02 20:22:18.161,1.80229,1.80272,1.34,1.00
2015.01.02 20:22:18.820,1.80232,1.80277,1.09,1.50
2015.01.02 20:22:19.325,1.80232,1.80276,1.09,1.00
2015.01.02 20:22:19.376,1.80229,1.80274,1.34,1.00
2015.01.02 20:22:19.728,1.80232,1.80277,1.09,1.50
2015.01.02 20:22:20.239,1.80229,1.80274,1.34,1.00
2015.01.02 20:22:20.694,1.80232,1.80277,1.09,1.50
2015.01.02 20:22:21.248,1.80229,1.80274,1.34,1.00
2015.01.02 20:22:21.706,1.80232,1.80277,1.09,1.50
2015.01.02 20:22:22.239,1.80229,1.80274,1.34,1.00
2015.01.02 20:22:24.877,1.80229,1.80274,1.00,1.00
2015.01.02 20:22:28.638,1.80229,1.80271,1.00,1.00
2015.01.02 20:22:28.748,1.80229,1.80274,1.00,1.00
2015.01.02 20:22:28.904,1.80229,1.80272,1.00,1.00
2015.01.02 20:22:29.077,1.80229,1.80274,1.00,1.00
2015.01.02 20:22:31.500,1.80229,1.80267,1.00,1.00
2015.01.02 20:22:31.752,1.80229,1.80272,1.00,1.00
2015.01.02 20:22:34.026,1.80229,1.80271,1.00,1.00
2015.01.02 20:22:34.908,1.80229,1.80274,1.00,1.00
2015.01.02 20:22:45.809,1.80229,1.80272,1.00,1.00
2015.01.02 20:22:46.377,1.80229,1.80271,1.00,1.00
2015.01.02 20:22:46.597,1.80229,1.80274,1.00,1.00
2015.01.02 20:22:55.632,1.80229,1.80271,1.00,1.00
2015.01.02 20:22:57.175,1.80229,1.80272,1.00,1.00
2015.01.02 20:23:06.845,1.80229,1.80267,1.00,1.00
2015.01.02 20:23:06.896,1.80227,1.80267,1.00,1.00
2015.01.02 20:23:07.372,1.80227,1.8027,1.00,1.00
2015.01.02 20:23:13.505,1.80223,1.80268,1.00,1.50
2015.01.02 20:23:13.606,1.80219,1.80264,1.00,1.00
2015.01.02 20:23:13.908,1.8022,1.80262,1.00,1.00
2015.01.02 20:23:14.210,1.80219,1.80256,1.00,1.00
2015.01.02 20:23:14.568,1.80215,1.80257,1.34,1.00
2015.01.02 20:23:14.819,1.80218,1.80257,1.00,1.00
2015.01.02 20:23:15.236,1.80213,1.80257,1.34,1.00
2015.01.02 20:23:15.336,1.80213,1.80257,1.00,1.00
2015.01.02 20:23:15.874,1.80212,1.80252,1.00,1.00
2015.01.02 20:23:15.975,1.80207,1.80252,1.00,1.50
2015.01.02 20:23:16.606,1.80207,1.80251,1.00,1.00
2015.01.02 20:23:17.369,1.80207,1.80247,1.00,1.00
2015.01.02 20:23:17.838,1.80207,1.80252,1.00,1.50
2015.01.02 20:23:18.181,1.80207,1.80247,1.00,1.00
2015.01.02 20:23:18.231,1.80205,1.80247,1.00,1.00
2015.01.02 20:23:18.332,1.80201,1.80246,1.00,1.00
2015.01.02 20:23:18.640,1.80197,1.80242,1.00,1.00
2015.01.02 20:23:19.931,1.80197,1.80241,1.00,1.00
2015.01.02 20:23:20.306,1.80195,1.80238,1.00,1.00
2015.01.02 20:23:34.407,1.80192,1.80235,1.00,1.00
2015.01.02 20:23:49.025,1.80192,1.80235,1.34,1.00
2015.01.02 20:23:54.106,1.80194,1.80235,1.00,1.00
2015.01.02 20:24:09.683,1.80199,1.8024,1.00,1.00
2015.01.02 20:24:09.787,1.80199,1.80242,1.00,1.00
2015.01.02 20:24:13.576,1.80199,1.80241,1.00,1.00
2015.01.02 20:24:16.545,1.80199,1.80242,1.00,1.00
2015.01.02 20:24:19.370,1.80205,1.80242,1.00,1.00
2015.01.02 20:24:19.471,1.80204,1.80247,1.50,2.25
2015.01.02 20:24:23.144,1.80205,1.80247,1.00,1.00
2015.01.02 20:24:23.648,1.80204,1.80246,1.00,1.00
2015.01.02 20:24:23.800,1.80201,1.80244,1.00,1.00
2015.01.02 20:24:24.357,1.80201,1.80242,1.00,1.00
2015.01.02 20:24:24.660,1.80212,1.80247,1.09,1.50
2015.01.02 20:24:29.121,1.80205,1.80242,1.84,1.00
2015.01.02 20:24:29.222,1.80204,1.80242,1.00,1.00
2015.01.02 20:24:29.860,1.80204,1.80247,1.00,1.50
2015.01.02 20:24:30.062,1.80198,1.80242,1.34,1.00
2015.01.02 20:24:33.643,1.80197,1.80241,1.34,1.00
2015.01.02 20:24:36.456,1.80197,1.80242,1.34,1.50
2015.01.02 20:24:46.465,1.80197,1.80241,1.34,1.00
2015.01.02 20:24:47.005,1.80198,1.80242,1.34,1.00
2015.01.02 20:24:55.313,1.80197,1.80241,1.34,1.00
2015.01.02 20:24:59.314,1.80197,1.80241,1.34,1.00
2015.01.02 20:25:00.695,1.80197,1.80242,1.84,1.50
2015.01.02 20:25:01.224,1.80197,1.80237,1.84,1.00
2015.01.02 20:25:01.327,1.80197,1.80242,1.84,1.50
2015.01.02 20:25:04.061,1.80194,1.80235,1.00,1.50
2015.01.02 20:25:04.263,1.80184,1.80221,1.00,1.00
2015.01.02 20:25:04.467,1.8018,1.80222,1.00,1.00
2015.01.02 20:25:06.039,1.80176,1.80221,1.84,1.00
2015.01.02 20:25:06.662,1.80179,1.80221,1.00,1.00
2015.01.02 20:25:07.196,1.80176,1.80221,1.84,1.50
2015.01.02 20:25:34.844,1.80176,1.80221,1.00,1.00
2015.01.02 20:25:37.400,1.80178,1.80221,1.00,1.00
2015.01.02 20:25:40.585,1.80176,1.80221,1.00,1.50
2015.01.02 20:25:41.137,1.80179,1.80221,1.00,1.00
2015.01.02 20:25:41.354,1.80176,1.80221,1.00,1.50
2015.01.02 20:25:46.354,1.80178,1.80221,1.00,1.00
2015.01.02 20:25:46.458,1.80176,1.80221,1.00,1.00
2015.01.02 20:25:57.334,1.80176,1.80216,1.00,1.00
2015.01.02 20:25:57.852,1.80176,1.80217,1.00,1.00
2015.01.02 20:26:00.637,1.80176,1.80216,1.00,1.00
2015.01.02 20:26:01.858,1.80176,1.80212,1.00,1.00
2015.01.02 20:26:01.908,1.80173,1.80212,1.00,1.00
2015.01.02 20:26:02.009,1.80169,1.80212,1.00,1.50
2015.01.02 20:26:02.060,1.80169,1.80207,1.00,1.00
2015.01.02 20:26:06.196,1.80169,1.80207,1.00,1.37
2015.01.02 20:26:06.297,1.80164,1.80207,1.00,2.25
2015.01.02 20:26:06.347,1.80164,1.80202,1.00,1.00
2015.01.02 20:26:06.649,1.80167,1.80201,1.00,1.00
2015.01.02 20:26:06.851,1.80165,1.80201,1.00,1.00
2015.01.02 20:26:07.104,1.80165,1.80207,1.12,1.00
2015.01.02 20:26:07.419,1.80167,1.80207,1.00,1.00
2015.01.02 20:26:07.745,1.80172,1.80207,1.00,1.00
2015.01.02 20:26:08.836,1.80169,1.80207,1.00,1.00
2015.01.02 20:26:10.034,1.80168,1.80207,1.00,1.37
2015.01.02 20:26:10.336,1.80162,1.80202,1.84,1.00
2015.01.02 20:26:18.729,1.80166,1.80202,1.00,1.00
2015.01.02 20:26:19.054,1.80168,1.80202,1.00,1.00
2015.01.02 20:26:23.820,1.80166,1.80202,1.00,1.00
2015.01.02 20:26:24.353,1.80162,1.80202,1.84,1.00
2015.01.02 20:26:31.284,1.80162,1.80202,1.00,2.25
2015.01.02 20:26:31.616,1.80154,1.80192,1.00,1.12
2015.01.02 20:26:31.717,1.80151,1.80196,1.00,1.87
2015.01.02 20:26:31.818,1.80149,1.80191,1.00,1.00
2015.01.02 20:26:31.919,1.80151,1.80191,1.00,1.00
2015.01.02 20:26:32.384,1.80148,1.80191,1.00,1.00
2015.01.02 20:26:32.683,1.8015,1.80195,1.00,1.12
2015.01.02 20:26:32.834,1.8015,1.80195,1.34,1.12
2015.01.02 20:26:33.154,1.80151,1.80191,1.34,1.00
2015.01.02 20:26:36.694,1.80146,1.80191,1.00,1.00
2015.01.02 20:26:36.744,1.80146,1.80191,1.00,1.37
2015.01.02 20:26:37.047,1.8014,1.80185,1.34,1.00
2015.01.02 20:26:37.198,1.80133,1.80177,1.00,1.12
2015.01.02 20:26:37.299,1.80133,1.80174,1.00,1.00
2015.01.02 20:26:37.601,1.80129,1.80174,1.00,1.00
2015.01.02 20:26:37.853,1.80128,1.8017,1.00,1.00
2015.01.02 20:26:38.589,1.80125,1.8017,1.00,1.00
2015.01.02 20:26:41.893,1.80125,1.8017,1.37,1.00
2015.01.02 20:26:44.181,1.80129,1.8017,1.00,1.00
2015.01.02 20:26:44.800,1.80128,1.8017,1.00,1.00
2015.01.02 20:26:45.383,1.80125,1.8017,1.37,1.00
2015.01.02 20:26:49.069,1.80125,1.8017,1.50,1.00
2015.01.02 20:26:52.869,1.80126,1.8017,2.21,1.00
2015.01.02 20:26:52.919,1.8013,1.80172,1.34,1.00
2015.01.02 20:26:53.426,1.80127,1.80171,1.34,1.00
2015.01.02 20:26:54.438,1.80127,1.80167,1.34,1.00
2015.01.02 20:27:01.005,1.80126,1.80166,1.84,1.00
2015.01.02 20:27:01.361,1.80126,1.80169,1.84,1.00
2015.01.02 20:27:11.185,1.80126,1.80163,1.84,1.00
2015.01.02 20:27:11.337,1.80126,1.80166,1.84,1.00
2015.01.02 20:27:11.437,1.80126,1.80168,1.84,1.00
2015.01.02 20:27:11.740,1.80126,1.80171,2.59,1.50
2015.01.02 20:27:11.790,1.80126,1.80167,2.59,1.00
2015.01.02 20:27:11.892,1.80126,1.80167,1.00,1.00
2015.01.02 20:27:11.942,1.80126,1.80161,1.00,1.00
2015.01.02 20:27:11.993,1.80122,1.80161,1.00,1.00
2015.01.02 20:27:12.094,1.80119,1.80161,1.00,1.00
2015.01.02 20:27:12.503,1.80113,1.80158,1.84,1.00
2015.01.02 20:27:16.153,1.80113,1.80158,2.21,1.00
2015.01.02 20:27:16.465,1.80119,1.80162,1.00,1.50
2015.01.02 20:27:25.752,1.80119,1.80161,1.00,1.00
2015.01.02 20:27:30.593,1.80119,1.80162,1.00,1.00
2015.01.02 20:27:36.480,1.80119,1.8016,1.00,1.00
2015.01.02 20:27:42.254,1.80115,1.8016,1.00,1.00
2015.01.02 20:27:42.405,1.80118,1.8016,1.00,1.00
2015.01.02 20:27:42.584,1.80115,1.8016,1.00,1.00
2015.01.02 20:27:52.278,1.80115,1.8016,1.37,1.00
2015.01.02 20:27:52.379,1.80115,1.8016,1.00,1.00
2015.01.02 20:27:52.430,1.80119,1.80162,1.00,1.00
2015.01.02 20:27:52.883,1.80115,1.8016,1.00,1.00
2015.01.02 20:28:02.382,1.80119,1.8016,1.00,1.00
2015.01.02 20:28:02.836,1.80115,1.8016,1.00,1.00
2015.01.02 20:28:06.804,1.80115,1.8016,1.00,1.37
2015.01.02 20:28:06.905,1.8011,1.80153,1.00,1.00
2015.01.02 20:28:06.956,1.80108,1.8015,1.00,1.00
2015.01.02 20:28:07.358,1.80105,1.8015,1.00,1.00
2015.01.02 20:28:07.560,1.80108,1.8015,1.00,1.00
2015.01.02 20:28:07.881,1.80105,1.8015,1.00,1.00
2015.01.02 20:28:12.817,1.80105,1.8015,1.37,1.00
2015.01.02 20:28:12.918,1.80109,1.80154,1.50,1.00
2015.01.02 20:28:12.968,1.80109,1.80154,1.84,1.00
2015.01.02 20:28:13.019,1.80112,1.80156,1.34,1.00
2015.01.02 20:28:13.604,1.80114,1.80157,1.00,1.00
2015.01.02 20:28:22.842,1.80118,1.80157,1.00,1.00
2015.01.02 20:28:24.801,1.80118,1.80157,2.59,1.00
2015.01.02 20:28:24.902,1.80123,1.8016,1.34,1.00
2015.01.02 20:28:25.053,1.80119,1.8016,1.37,1.00
2015.01.02 20:28:25.104,1.8012,1.80163,1.37,1.00
2015.01.02 20:28:25.784,1.8012,1.80163,1.00,1.00
2015.01.02 20:28:27.136,1.80123,1.80163,1.34,1.00
2015.01.02 20:28:27.187,1.80125,1.80167,1.09,1.00
2015.01.02 20:28:27.389,1.80128,1.8017,1.00,1.00
2015.01.02 20:28:27.691,1.80133,1.80172,1.00,1.00
2015.01.02 20:28:27.993,1.80133,1.80177,1.00,1.00
2015.01.02 20:28:28.585,1.80134,1.80177,1.00,1.00
2015.01.02 20:28:29.366,1.80132,1.80177,1.00,1.87
2015.01.02 20:28:29.418,1.80128,1.80173,1.50,1.00
2015.01.02 20:28:29.519,1.80131,1.80176,1.00,1.12
2015.01.02 20:28:33.885,1.80134,1.80176,1.00,1.12
2015.01.02 20:28:35.051,1.80131,1.80176,1.00,1.87
2015.01.02 20:28:40.364,1.80133,1.80176,1.00,1.00
2015.01.02 20:28:40.415,1.80134,1.80179,1.12,1.00
2015.01.02 20:28:45.581,1.80134,1.80179,1.75,1.00
2015.01.02 20:28:45.682,1.80138,1.80182,1.37,1.00
2015.01.02 20:28:45.783,1.80143,1.80181,1.00,1.00
2015.01.02 20:28:45.833,1.80143,1.80187,1.00,1.00
2015.01.02 20:28:46.348,1.80143,1.80188,1.87,1.00
2015.01.02 20:28:46.801,1.8014,1.80185,1.00,1.00
2015.01.02 20:28:48.590,1.8014,1.80182,1.00,1.00
2015.01.02 20:28:49.292,1.8014,1.80181,1.00,1.00
2015.01.02 20:28:51.247,1.8014,1.80185,1.00,1.00
2015.01.02 20:28:51.348,1.8014,1.80182,1.00,1.00
2015.01.02 20:28:55.422,1.8014,1.80185,1.00,1.00
2015.01.02 20:28:55.623,1.8014,1.80182,1.00,1.00
2015.01.02 20:29:00.092,1.80137,1.80182,1.00,1.50
2015.01.02 20:29:00.143,1.80137,1.80166,1.00,1.00
2015.01.02 20:29:00.194,1.80132,1.80166,1.00,1.00
2015.01.02 20:29:00.546,1.80129,1.80167,1.00,1.00
2015.01.02 20:29:13.758,1.80126,1.80167,1.00,1.00
2015.01.02 20:29:14.366,1.80129,1.80171,1.00,1.50
2015.01.02 20:29:14.870,1.80128,1.80171,1.00,1.00
2015.01.02 20:29:17.321,1.80133,1.80171,1.00,1.00
2015.01.02 20:29:18.843,1.80128,1.80171,1.00,1.00
2015.01.02 20:29:27.770,1.80129,1.80171,1.00,1.50
2015.01.02 20:29:28.921,1.80128,1.80171,1.00,1.00
2015.01.02 20:29:40.420,1.80126,1.80167,1.00,1.00
2015.01.02 20:29:40.930,1.80129,1.80167,1.00,1.00
2015.01.02 20:29:41.802,1.80138,1.80167,2.06,1.00
2015.01.02 20:29:41.853,1.80149,1.80181,1.00,1.00
2015.01.02 20:29:41.904,1.80155,1.80182,1.00,1.00
2015.01.02 20:29:42.005,1.80165,1.80196,1.00,1.00
2015.01.02 20:29:42.056,1.80185,1.80213,1.84,1.37
2015.01.02 20:29:42.157,1.80193,1.80229,1.34,1.75
2015.01.02 20:29:42.258,1.80203,1.80236,1.34,1.00
2015.01.02 20:29:42.409,1.80215,1.80266,1.84,1.00
2015.01.02 20:29:42.460,1.8025,1.80267,1.00,1.00
2015.01.02 20:29:42.611,1.80253,1.80302,1.00,2.31
2015.01.02 20:29:42.662,1.80284,1.80302,1.00,2.31
2015.01.02 20:29:42.763,1.80284,1.80302,1.00,1.00
2015.01.02 20:29:42.864,1.80289,1.80336,1.00,1.00
2015.01.02 20:29:42.964,1.80289,1.80336,1.37,1.00
2015.01.02 20:29:43.065,1.80299,1.80346,1.00,1.00
2015.01.02 20:29:43.166,1.80293,1.80347,1.00,1.12
2015.01.02 20:29:43.267,1.80293,1.80347,1.50,1.00
2015.01.02 20:29:43.584,1.80301,1.80347,1.00,1.00
2015.01.02 20:29:43.988,1.80303,1.80347,1.00,1.00
2015.01.02 20:29:44.292,1.80301,1.80347,1.00,1.00
2015.01.02 20:29:44.342,1.80305,1.80347,1.00,1.00
2015.01.02 20:29:44.648,1.80307,1.80347,1.37,1.00
2015.01.02 20:29:44.951,1.80305,1.80341,1.37,1.00
2015.01.02 20:29:45.260,1.80315,1.80341,1.00,1.00
2015.01.02 20:29:45.340,1.80315,1.80347,1.00,1.00
2015.01.02 20:29:46.040,1.80315,1.80346,1.00,1.00
2015.01.02 20:29:46.247,1.80315,1.80357,1.00,1.00
2015.01.02 20:29:46.712,1.80315,1.80361,1.00,1.00
2015.01.02 20:29:46.913,1.80315,1.80361,1.00,1.37
2015.01.02 20:29:47.114,1.80303,1.80351,1.50,1.00
2015.01.02 20:29:47.336,1.80303,1.80347,1.00,1.00
2015.01.02 20:29:47.638,1.803,1.80346,1.50,1.00
2015.01.02 20:29:47.688,1.803,1.80341,1.00,1.00
2015.01.02 20:29:47.739,1.80298,1.80341,1.00,1.00
2015.01.02 20:29:47.890,1.80298,1.80332,1.00,1.00
2015.01.02 20:29:47.941,1.8029,1.80332,1.00,1.00
2015.01.02 20:29:48.092,1.80287,1.80326,1.00,1.00
2015.01.02 20:29:48.293,1.80284,1.80326,1.00,1.00
2015.01.02 20:29:49.804,1.80281,1.80326,1.00,1.00
2015.01.02 20:29:50.353,1.80281,1.80327,1.00,1.00
2015.01.02 20:29:50.620,1.80281,1.80322,1.00,1.00
2015.01.02 20:29:52.389,1.80281,1.80327,1.00,1.00
2015.01.02 20:29:53.044,1.80281,1.80322,1.00,1.00
2015.01.02 20:29:54.029,1.80281,1.80327,1.00,1.00
2015.01.02 20:29:54.875,1.80278,1.8032,1.00,1.00
2015.01.02 20:29:54.926,1.80273,1.8032,1.00,1.00
2015.01.02 20:29:55.178,1.80272,1.80311,1.00,1.00
2015.01.02 20:29:55.430,1.80267,1.80307,1.00,1.00
2015.01.02 20:29:55.762,1.80259,1.80302,1.00,1.00
2015.01.02 20:29:56.578,1.80259,1.80297,1.00,1.00
2015.01.02 20:29:56.679,1.80259,1.80301,1.12,1.00
2015.01.02 20:29:57.198,1.80256,1.80302,1.00,1.00
2015.01.02 20:29:57.349,1.80256,1.80296,1.00,1.00
2015.01.02 20:29:58.279,1.80252,1.80296,1.00,1.00
2015.01.02 20:29:58.329,1.80252,1.80287,1.00,1.00
2015.01.02 20:29:58.430,1.8024,1.80287,1.00,1.00
2015.01.02 20:29:58.632,1.80238,1.80286,1.50,1.00
2015.01.02 20:30:01.872,1.80238,1.80282,1.00,1.00
2015.01.02 20:30:04.235,1.80234,1.80282,1.00,1.00
2015.01.02 20:30:04.285,1.80238,1.80284,1.00,1.12
2015.01.02 20:30:04.386,1.80234,1.80282,1.00,1.00
2015.01.02 20:30:05.061,1.80234,1.80281,1.50,1.00
2015.01.02 20:30:05.563,1.80234,1.80282,1.00,1.12
2015.01.02 20:30:06.139,1.80239,1.80282,1.00,1.00
2015.01.02 20:30:06.190,1.80239,1.80284,1.00,1.00
2015.01.02 20:30:06.241,1.80236,1.80282,1.00,1.00
2015.01.02 20:30:06.442,1.80233,1.80282,1.50,1.87
2015.01.02 20:30:07.151,1.80233,1.80277,1.00,1.00
2015.01.02 20:30:07.454,1.80236,1.80282,1.37,1.00
2015.01.02 20:30:07.605,1.80236,1.80281,1.00,1.00
2015.01.02 20:30:07.656,1.80241,1.80281,1.00,1.00
2015.01.02 20:30:07.971,1.80239,1.80282,1.00,1.00
2015.01.02 20:30:08.141,1.80239,1.80287,1.00,1.00
2015.01.02 20:30:08.565,1.80239,1.80282,1.00,1.00
2015.01.02 20:30:09.072,1.80238,1.80282,1.12,1.00
2015.01.02 20:30:09.122,1.80238,1.80286,1.87,1.00
2015.01.02 20:30:13.831,1.80236,1.80282,1.00,1.00
2015.01.02 20:30:14.221,1.80236,1.80278,1.00,1.00
2015.01.02 20:30:14.272,1.80234,1.80278,1.00,1.50
2015.01.02 20:30:14.423,1.80228,1.80277,1.87,1.00
2015.01.02 20:30:14.977,1.80228,1.80274,1.50,1.75
2015.01.02 20:30:15.179,1.80224,1.80266,1.00,1.00
2015.01.02 20:30:15.682,1.80223,1.80267,1.00,1.00
2015.01.02 20:30:15.836,1.8022,1.80266,1.00,1.00
2015.01.02 20:30:16.801,1.80219,1.80266,1.00,1.50
2015.01.02 20:30:17.107,1.80218,1.8026,1.00,1.00
2015.01.02 20:30:17.208,1.80218,1.80265,1.00,1.00
2015.01.02 20:30:17.460,1.80218,1.80267,1.12,1.50
2015.01.02 20:30:21.794,1.80218,1.80267,2.25,2.25
2015.01.02 20:30:22.096,1.8024,1.80267,1.00,1.00
2015.01.02 20:30:22.380,1.80263,1.80312,1.00,1.00
2015.01.02 20:30:22.481,1.80271,1.80312,1.00,1.00
2015.01.02 20:30:22.635,1.80274,1.80321,1.00,1.00
2015.01.02 20:30:22.988,1.80278,1.80322,1.00,1.00
2015.01.02 20:30:23.296,1.80281,1.80316,1.09,1.00
2015.01.02 20:30:23.731,1.80282,1.80317,1.37,1.00
2015.01.02 20:30:23.883,1.80288,1.80321,1.00,1.00
2015.01.02 20:30:24.136,1.80291,1.80322,1.00,1.00
2015.01.02 20:30:26.880,1.80287,1.80322,1.50,1.00
2015.01.02 20:30:27.031,1.80282,1.80322,1.34,1.00
2015.01.02 20:30:27.132,1.80282,1.80322,1.00,1.00
2015.01.02 20:30:27.182,1.80281,1.80317,1.00,1.00
2015.01.02 20:30:27.233,1.80279,1.80317,1.00,1.00
2015.01.02 20:30:27.333,1.80275,1.80317,1.00,1.00
2015.01.02 20:30:27.786,1.80272,1.80317,1.50,1.00
2015.01.02 20:30:27.938,1.80272,1.80317,2.25,1.00
2015.01.02 20:30:28.039,1.80278,1.80321,1.00,1.00
2015.01.02 20:30:28.241,1.80278,1.80322,1.37,1.00
2015.01.02 20:30:28.342,1.80278,1.80322,1.00,1.00
2015.01.02 20:30:28.543,1.80282,1.80321,1.00,1.00
2015.01.02 20:30:31.686,1.80282,1.80327,1.00,1.00
2015.01.02 20:30:32.832,1.80278,1.80327,1.50,1.00
2015.01.02 20:30:33.388,1.80278,1.80327,1.87,1.00
2015.01.02 20:30:33.690,1.80289,1.80332,1.46,1.00
2015.01.02 20:30:33.993,1.80299,1.80332,1.00,1.00
2015.01.02 20:30:34.351,1.80293,1.80332,1.00,1.00
2015.01.02 20:30:34.452,1.80288,1.80331,2.21,1.00
2015.01.02 20:30:34.502,1.80291,1.80331,1.00,1.00
2015.01.02 20:30:34.657,1.80291,1.80336,1.00,1.00
2015.01.02 20:30:35.840,1.80291,1.80341,1.00,1.00
2015.01.02 20:30:35.891,1.80291,1.80341,1.37,1.00
2015.01.02 20:30:36.395,1.80295,1.80342,1.12,1.00
2015.01.02 20:30:36.701,1.80299,1.80341,1.37,1.00
2015.01.02 20:30:36.752,1.80299,1.80347,1.37,1.00
2015.01.02 20:30:37.136,1.80299,1.80346,1.50,1.00
2015.01.02 20:30:37.489,1.80299,1.80347,1.00,1.00
2015.01.02 20:30:37.842,1.80299,1.80341,1.00,1.00
2015.01.02 20:30:37.994,1.80293,1.80342,1.50,1.00
2015.01.02 20:30:38.396,1.80293,1.80342,1.50,1.00
2015.01.02 20:30:43.200,1.80293,1.80341,1.12,1.00
2015.01.02 20:30:43.640,1.80293,1.80344,1.87,1.00
2015.01.02 20:30:43.741,1.80293,1.8034,1.00,1.00
2015.01.02 20:30:43.993,1.8028,1.80328,1.00,1.00
2015.01.02 20:30:44.043,1.80277,1.80325,1.00,1.00
2015.01.02 20:30:44.482,1.80282,1.80326,1.00,1.00
2015.01.02 20:30:44.633,1.80283,1.80332,1.50,1.00
2015.01.02 20:30:44.734,1.80283,1.8033,1.00,1.00
2015.01.02 20:30:45.258,1.80283,1.80332,1.50,1.00
2015.01.02 20:30:45.309,1.80288,1.80334,1.00,1.00
2015.01.02 20:30:45.611,1.80301,1.80347,1.00,1.00
2015.01.02 20:30:45.936,1.80304,1.80347,1.00,1.00
2015.01.02 20:30:46.062,1.80304,1.80352,1.00,1.00
2015.01.02 20:30:46.195,1.80304,1.80347,1.00,1.00
2015.01.02 20:30:46.598,1.80308,1.80347,1.00,1.00
2015.01.02 20:30:46.649,1.80308,1.80352,1.00,1.00
2015.01.02 20:30:47.062,1.80308,1.80357,1.50,1.00
2015.01.02 20:30:47.264,1.80312,1.80357,1.00,1.00
2015.01.02 20:30:47.315,1.80312,1.80362,1.00,1.50
2015.01.02 20:30:47.567,1.80309,1.80359,1.00,1.00
2015.01.02 20:30:47.869,1.80308,1.80356,1.00,1.00
2015.01.02 20:30:51.170,1.80308,1.80351,1.00,1.00
2015.01.02 20:30:52.393,1.80309,1.80351,1.37,1.00
2015.01.02 20:30:52.443,1.80309,1.80356,1.37,1.00
2015.01.02 20:30:52.494,1.80317,1.80356,1.37,1.00
2015.01.02 20:30:52.696,1.80314,1.80357,1.37,1.00
2015.01.02 20:30:52.898,1.80318,1.80367,1.12,1.00
2015.01.02 20:30:53.405,1.80318,1.80366,1.12,1.00
2015.01.02 20:30:53.711,1.80318,1.80366,1.37,1.00
2015.01.02 20:30:54.328,1.80318,1.80369,1.87,1.00
2015.01.02 20:30:54.860,1.80318,1.80367,1.37,1.00
2015.01.02 20:30:55.201,1.80315,1.80364,1.00,1.00
2015.01.02 20:30:55.404,1.80313,1.80359,1.00,1.00
2015.01.02 20:30:55.455,1.80309,1.80356,1.00,1.00
2015.01.02 20:30:55.555,1.80306,1.80355,1.00,1.00
2015.01.02 20:30:55.607,1.8031,1.80357,1.50,1.00
2015.01.02 20:30:55.657,1.8031,1.80361,1.50,1.50
2015.01.02 20:30:55.809,1.80313,1.80362,1.00,1.00
2015.01.02 20:30:56.112,1.80328,1.80371,1.00,1.00
2015.01.02 20:30:56.162,1.80328,1.80374,1.00,1.00
2015.01.02 20:30:56.263,1.8033,1.80377,1.00,1.00
2015.01.02 20:30:56.314,1.80338,1.80379,1.00,1.00
2015.01.02 20:30:56.364,1.80338,1.80382,1.00,1.00
2015.01.02 20:30:58.452,1.80338,1.80377,1.00,1.00
2015.01.02 20:30:58.603,1.80328,1.80375,1.00,1.00
2015.01.02 20:30:58.821,1.80324,1.80375,1.37,1.00
2015.01.02 20:30:58.998,1.80323,1.80371,1.37,1.00
2015.01.02 20:30:59.100,1.80323,1.80369,1.50,1.00
2015.01.02 20:30:59.151,1.80323,1.8036,1.50,1.00
2015.01.02 20:30:59.202,1.80314,1.8036,1.37,1.00
2015.01.02 20:30:59.252,1.80314,1.80348,1.37,1.00
2015.01.02 20:30:59.303,1.80308,1.80348,1.00,1.00
2015.01.02 20:30:59.354,1.80308,1.80344,1.00,1.00
2015.01.02 20:30:59.405,1.80293,1.80344,1.50,1.00
2015.01.02 20:30:59.557,1.80289,1.80343,1.00,1.00
2015.01.02 20:30:59.607,1.80283,1.80333,1.00,1.00
2015.01.02 20:30:59.910,1.80279,1.80323,1.00,1.00
2015.01.02 20:30:59.960,1.80274,1.80323,1.00,1.00
2015.01.02 20:31:00.061,1.80269,1.80321,1.00,1.00
2015.01.02 20:31:00.541,1.80269,1.80314,1.00,1.00
2015.01.02 20:31:00.793,1.80269,1.80317,1.00,1.00
2015.01.02 20:31:01.152,1.80273,1.80317,1.00,1.00
2015.01.02 20:31:03.685,1.80268,1.80317,1.50,1.00
2015.01.02 20:31:04.896,1.80278,1.80317,1.00,1.00
2015.01.02 20:31:05.309,1.80283,1.80317,1.00,1.00
2015.01.02 20:31:05.662,1.80278,1.80317,1.00,1.00
2015.01.02 20:31:05.861,1.80273,1.80317,1.00,1.00
2015.01.02 20:31:06.299,1.80278,1.80317,1.00,1.00
2015.01.02 20:31:06.522,1.80273,1.80317,1.00,1.00
2015.01.02 20:31:06.676,1.80278,1.80317,1.00,1.00
2015.01.02 20:31:07.079,1.80283,1.80317,1.00,1.00
2015.01.02 20:31:07.335,1.80278,1.80317,1.00,1.00
2015.01.02 20:31:08.346,1.80278,1.8032,1.00,1.00
2015.01.02 20:31:09.379,1.80279,1.8032,1.00,1.00
2015.01.02 20:31:10.840,1.80273,1.8032,1.00,1.00
2015.01.02 20:31:13.130,1.80278,1.8032,1.00,1.00
2015.01.02 20:31:13.638,1.80279,1.8032,1.00,1.00
2015.01.02 20:31:13.989,1.80283,1.8032,1.00,1.00
2015.01.02 20:31:14.332,1.80278,1.8032,1.00,1.00
2015.01.02 20:31:16.649,1.80273,1.8032,1.87,1.00
2015.01.02 20:31:18.085,1.80279,1.8032,1.00,1.00
2015.01.02 20:31:18.611,1.80278,1.8032,1.00,1.00
2015.01.02 20:31:18.661,1.80273,1.8032,1.37,1.00
2015.01.02 20:31:19.501,1.80279,1.8032,1.00,1.00
2015.01.02 20:31:21.594,1.80269,1.80313,1.00,1.00
2015.01.02 20:31:21.695,1.80269,1.80308,1.00,1.00
2015.01.02 20:31:21.846,1.80263,1.80308,1.00,1.00
2015.01.02 20:31:21.998,1.80263,1.80312,1.00,1.00
2015.01.02 20:31:22.113,1.80263,1.80312,1.37,1.00
2015.01.02 20:31:22.468,1.80269,1.80312,1.00,1.00
2015.01.02 20:31:28.656,1.80274,1.80312,1.00,1.00
2015.01.02 20:31:28.707,1.80274,1.80317,1.00,1.00
2015.01.02 20:31:28.808,1.80274,1.80321,1.00,1.00
2015.01.02 20:31:29.320,1.80273,1.80321,1.00,1.00
2015.01.02 20:31:31.054,1.80274,1.80321,1.00,1.00
2015.01.02 20:31:31.421,1.80272,1.80321,1.12,1.00
2015.01.02 20:31:31.825,1.80278,1.80321,1.00,1.00
2015.01.02 20:31:32.844,1.80298,1.80321,1.00,1.00
2015.01.02 20:31:32.896,1.803,1.80342,1.75,1.00
2015.01.02 20:31:32.947,1.80309,1.80349,1.00,1.00
2015.01.02 20:31:32.998,1.80309,1.80352,1.75,1.00
2015.01.02 20:31:33.099,1.80316,1.80352,1.00,1.00
2015.01.02 20:31:33.150,1.80321,1.80367,1.00,1.52
2015.01.02 20:31:33.201,1.80323,1.80367,1.00,1.00
2015.01.02 20:31:33.403,1.80329,1.80381,1.00,1.00
2015.01.02 20:31:33.505,1.80334,1.80381,1.00,1.00
2015.01.02 20:31:33.606,1.8033,1.80382,1.71,1.00
2015.01.02 20:31:33.807,1.80333,1.80387,1.00,1.00
2015.01.02 20:31:34.189,1.80333,1.80387,1.87,1.00
2015.01.02 20:31:34.589,1.80341,1.80386,1.00,1.00
2015.01.02 20:31:35.859,1.80338,1.80381,1.00,1.00
2015.01.02 20:31:36.167,1.80338,1.80377,1.00,1.00
2015.01.02 20:31:36.217,1.80333,1.80377,1.00,1.00
2015.01.02 20:31:36.750,1.80333,1.80376,1.00,1.00
2015.01.02 20:31:37.538,1.80334,1.80378,1.00,1.00
2015.01.02 20:31:38.054,1.80333,1.80377,1.00,1.00
2015.01.02 20:31:40.990,1.80333,1.80377,1.37,1.00
2015.01.02 20:31:41.494,1.80333,1.80378,1.87,1.00
2015.01.02 20:31:41.829,1.80339,1.80378,1.00,1.00
2015.01.02 20:31:42.415,1.80338,1.80378,1.34,1.00
2015.01.02 20:31:43.100,1.80339,1.80378,1.50,1.00
2015.01.02 20:31:43.252,1.8034,1.80383,1.00,1.00
2015.01.02 20:31:43.369,1.8034,1.80377,1.00,1.00
2015.01.02 20:31:43.629,1.8034,1.80381,1.00,1.00
2015.01.02 20:31:43.809,1.8034,1.80377,1.00,1.00
2015.01.02 20:31:43.946,1.8034,1.80382,1.00,1.00
2015.01.02 20:31:45.909,1.8034,1.80381,1.00,1.00
2015.01.02 20:31:47.889,1.8034,1.80382,1.00,1.00
2015.01.02 20:31:47.990,1.80335,1.8038,1.00,1.00
2015.01.02 20:31:50.174,1.80331,1.80374,1.00,1.00
2015.01.02 20:31:50.962,1.80327,1.8037,1.00,1.00
2015.01.02 20:31:51.372,1.80323,1.80368,1.00,1.00
2015.01.02 20:31:57.600,1.80323,1.80366,1.00,1.00
2015.01.02 20:31:57.903,1.80321,1.80364,1.00,1.00
2015.01.02 20:32:00.322,1.80321,1.80362,1.00,1.00
2015.01.02 20:32:00.528,1.80321,1.80364,1.00,1.00
2015.01.02 20:32:14.429,1.80321,1.80364,1.00,1.37
2015.01.02 20:32:14.479,1.80318,1.80356,1.00,1.00
2015.01.02 20:32:14.631,1.80309,1.80349,1.00,1.00
2015.01.02 20:32:14.832,1.80306,1.80349,1.00,1.00
2015.01.02 20:32:16.355,1.80303,1.80347,1.00,1.00
2015.01.02 20:32:16.795,1.80303,1.80343,1.00,1.00
2015.01.02 20:32:16.846,1.80298,1.80343,1.00,1.00
2015.01.02 20:32:16.897,1.80291,1.80336,1.37,1.00
2015.01.02 20:32:16.947,1.80291,1.80336,1.00,1.00
2015.01.02 20:32:17.098,1.80288,1.80333,1.00,1.00
2015.01.02 20:32:17.401,1.8028,1.80325,1.75,1.00
2015.01.02 20:32:18.569,1.80285,1.80328,1.12,1.00
2015.01.02 20:32:23.658,1.80285,1.80328,1.37,1.00
2015.01.02 20:32:23.916,1.80289,1.80332,1.00,1.00
2015.01.02 20:32:24.865,1.80288,1.80332,1.00,1.00
2015.01.02 20:32:25.133,1.80288,1.80329,1.00,1.00
2015.01.02 20:32:25.436,1.80284,1.80327,1.00,1.00
2015.01.02 20:32:25.841,1.80284,1.80321,1.00,1.00
2015.01.02 20:32:26.251,1.80275,1.8032,1.00,1.00
2015.01.02 20:32:26.351,1.80273,1.80313,1.00,1.00
2015.01.02 20:32:27.793,1.80273,1.80315,1.12,1.00
2015.01.02 20:32:27.895,1.80273,1.80318,1.87,1.00
2015.01.02 20:32:28.561,1.80274,1.80315,1.00,1.00
2015.01.02 20:32:28.864,1.80273,1.80311,1.00,1.00
2015.01.02 20:32:29.670,1.80273,1.80307,1.00,1.00
2015.01.02 20:32:29.923,1.80258,1.80301,1.00,1.00
2015.01.02 20:32:30.293,1.80258,1.80297,1.00,1.00
2015.01.02 20:32:31.890,1.80254,1.80297,1.00,1.00
2015.01.02 20:32:34.109,1.80258,1.80297,1.00,1.00
2015.01.02 20:32:34.160,1.80259,1.80304,1.00,1.00
2015.01.02 20:32:34.413,1.80263,1.80308,1.00,1.00
2015.01.02 20:32:35.152,1.80258,1.80303,1.50,1.00
2015.01.02 20:32:35.662,1.80258,1.80296,1.00,1.00
2015.01.02 20:32:35.919,1.80258,1.80299,1.00,1.00
2015.01.02 20:32:36.020,1.80258,1.80303,1.50,1.00
2015.01.02 20:32:36.171,1.80262,1.80307,1.00,1.00
2015.01.02 20:32:37.454,1.80258,1.80301,1.00,1.00
2015.01.02 20:32:37.779,1.80258,1.80296,1.00,1.00
2015.01.02 20:32:40.760,1.80258,1.80293,1.00,1.00
2015.01.02 20:32:40.810,1.80254,1.80293,1.00,1.00
2015.01.02 20:32:41.012,1.80253,1.80298,1.87,1.00
2015.01.02 20:32:42.351,1.80258,1.80298,1.00,1.00
2015.01.02 20:32:43.367,1.80253,1.80298,1.87,1.00
2015.01.02 20:32:43.417,1.80253,1.80296,1.87,1.00
2015.01.02 20:32:43.720,1.80268,1.80303,1.00,1.00
2015.01.02 20:32:43.871,1.80263,1.80303,1.00,1.00
2015.01.02 20:32:43.979,1.80263,1.80307,1.00,1.00
2015.01.02 20:32:44.499,1.80262,1.80307,1.00,1.00
2015.01.02 20:32:46.622,1.80262,1.80306,1.00,1.00
2015.01.02 20:32:47.295,1.80262,1.80307,1.00,1.50
2015.01.02 20:32:49.255,1.80267,1.80307,1.00,1.00
2015.01.02 20:32:49.873,1.80263,1.80307,1.00,1.00
2015.01.02 20:32:50.358,1.80263,1.80301,1.00,1.00
2015.01.02 20:32:50.912,1.80259,1.80301,1.00,1.00
2015.01.02 20:32:51.568,1.80259,1.80304,1.00,1.00
2015.01.02 20:32:55.719,1.80253,1.80298,1.87,1.00
2015.01.02 20:32:58.840,1.80254,1.80298,1.00,1.00
2015.01.02 20:32:59.390,1.80253,1.80298,1.00,1.00
2015.01.02 20:33:11.237,1.8025,1.80295,1.12,1.00
2015.01.02 20:33:11.652,1.8025,1.80295,1.37,1.00
2015.01.02 20:33:12.820,1.80254,1.80295,1.00,1.00
2015.01.02 20:33:13.787,1.80253,1.80295,1.12,1.00
2015.01.02 20:33:14.341,1.80254,1.80295,1.00,1.00
2015.01.02 20:33:14.593,1.80249,1.80291,1.00,1.00
2015.01.02 20:33:15.909,1.80253,1.80291,1.00,1.00
2015.01.02 20:33:16.011,1.80249,1.80291,1.00,1.00
2015.01.02 20:33:16.526,1.80248,1.80291,1.00,1.00
2015.01.02 20:33:35.537,1.80244,1.80287,1.00,1.00
2015.01.02 20:33:35.789,1.8024,1.80285,1.00,1.00
2015.01.02 20:33:37.191,1.8024,1.80285,1.37,1.00
2015.01.02 20:33:37.709,1.8024,1.80285,1.37,1.00
2015.01.02 20:33:38.011,1.80246,1.8029,1.75,1.00
2015.01.02 20:33:38.112,1.80246,1.8029,1.37,1.00
2015.01.02 20:33:38.213,1.80249,1.80292,1.37,1.00
2015.01.02 20:33:43.826,1.80249,1.80292,1.00,1.50
2015.01.02 20:33:43.993,1.80246,1.80284,1.00,1.00
2015.01.02 20:33:44.044,1.80241,1.80284,1.00,1.00
2015.01.02 20:33:44.148,1.80238,1.80282,1.12,1.00
2015.01.02 20:33:47.750,1.80241,1.80284,1.00,1.00
2015.01.02 20:33:58.990,1.80241,1.80286,1.00,1.00
2015.01.02 20:34:00.729,1.80239,1.80282,1.12,1.00
2015.01.02 20:34:01.237,1.80239,1.80282,1.75,1.00
2015.01.02 20:34:01.287,1.80246,1.80287,1.75,1.00
2015.01.02 20:34:01.338,1.80246,1.8029,1.75,1.00
2015.01.02 20:34:01.439,1.80249,1.8029,1.37,1.00
2015.01.02 20:34:01.641,1.80245,1.8029,1.37,1.00
2015.01.02 20:34:01.742,1.80248,1.80293,1.12,1.00
2015.01.02 20:34:01.958,1.80243,1.80288,1.87,1.00
2015.01.02 20:34:02.009,1.80243,1.80288,2.62,1.00
2015.01.02 20:34:02.827,1.80248,1.80288,1.00,1.00
2015.01.02 20:34:03.129,1.80261,1.80304,1.75,1.00
2015.01.02 20:34:03.180,1.80264,1.80309,1.75,1.00
2015.01.02 20:34:03.281,1.80261,1.80304,1.37,1.00
2015.01.02 20:34:03.432,1.80264,1.80307,1.00,1.50
2015.01.02 20:34:03.782,1.80264,1.80307,1.37,1.50
2015.01.02 20:34:03.986,1.80272,1.80315,1.00,1.00
2015.01.02 20:34:04.037,1.80272,1.80315,1.75,1.00
2015.01.02 20:34:04.188,1.80274,1.80319,1.37,1.00
2015.01.02 20:34:11.677,1.80271,1.80316,1.75,1.00
2015.01.02 20:34:14.896,1.80277,1.80316,1.75,1.00
2015.01.02 20:34:14.997,1.80278,1.80321,1.75,1.50
2015.01.02 20:34:15.507,1.80278,1.80321,1.75,1.00
2015.01.02 20:34:15.953,1.8028,1.80325,1.50,1.00
2015.01.02 20:34:16.154,1.8028,1.80325,1.75,1.00
2015.01.02 20:34:16.205,1.8029,1.80329,1.75,1.00
2015.01.02 20:34:16.256,1.8029,1.80329,1.75,1.00
2015.01.02 20:34:16.407,1.80293,1.80338,1.75,1.00
2015.01.02 20:34:16.457,1.80293,1.80338,1.75,1.00
2015.01.02 20:34:16.609,1.80297,1.8034,1.75,1.00
2015.01.02 20:34:16.861,1.80301,1.80344,1.37,1.00
2015.01.02 20:34:22.604,1.80304,1.80347,1.50,1.50
2015.01.02 20:34:22.654,1.80307,1.8035,1.37,1.00
2015.01.02 20:34:22.907,1.80304,1.80347,1.00,1.00
2015.01.02 20:34:23.008,1.80301,1.80346,1.00,1.00
2015.01.02 20:34:23.109,1.80295,1.80338,1.00,1.00
2015.01.02 20:34:24.537,1.80293,1.80335,1.00,1.00
2015.01.02 20:34:24.846,1.80292,1.80331,1.00,1.00
2015.01.02 20:34:25.163,1.80292,1.80327,1.00,1.00
2015.01.02 20:34:25.845,1.80292,1.80326,1.00,1.00
2015.01.02 20:34:27.168,1.80292,1.80332,1.00,1.00
2015.01.02 20:34:27.401,1.80292,1.80335,1.00,1.00
2015.01.02 20:34:28.519,1.80292,1.80331,1.00,1.00
2015.01.02 20:34:32.893,1.80296,1.80331,1.00,1.00
2015.01.02 20:34:33.196,1.80297,1.80337,1.75,1.00
2015.01.02 20:34:34.834,1.80297,1.80337,1.37,1.00
2015.01.02 20:34:35.075,1.80297,1.80337,1.12,1.00
2015.01.02 20:34:36.980,1.80294,1.80337,1.00,1.00
2015.01.02 20:34:48.282,1.80298,1.80337,1.00,1.00
2015.01.02 20:35:01.597,1.80301,1.80341,1.00,1.00
2015.01.02 20:35:09.066,1.80301,1.80337,1.00,1.00
2015.01.02 20:35:15.997,1.80301,1.80336,1.00,1.00
2015.01.02 20:35:16.674,1.80298,1.80336,1.00,1.00
2015.01.02 20:35:20.616,1.80298,1.80337,1.00,1.00
2015.01.02 20:35:26.250,1.80298,1.80341,1.00,1.00
2015.01.02 20:35:26.300,1.80298,1.80341,1.75,1.00
2015.01.02 20:35:26.401,1.80301,1.80342,1.12,1.00
2015.01.02 20:35:26.502,1.80303,1.80342,1.00,1.00
2015.01.02 20:35:26.885,1.80303,1.80347,1.00,1.00
2015.01.02 20:35:32.606,1.80303,1.80342,1.00,1.00
2015.01.02 20:35:36.573,1.80295,1.80332,1.00,1.00
2015.01.02 20:35:36.925,1.8029,1.80332,1.00,1.00
2015.01.02 20:35:37.026,1.80293,1.80332,1.00,1.37
2015.01.02 20:35:37.128,1.80282,1.80327,1.00,1.00
2015.01.02 20:35:38.686,1.80278,1.80321,1.00,1.00
2015.01.02 20:35:49.116,1.80278,1.80321,1.37,1.00
