2010.09.08 23:00:21.599,1.6048,1.6054,1.00,1.00
2010.09.08 23:00:21.934,1.60485,1.6055,1.00,1.00
2010.09.08 23:00:36.921,1.6048,1.6055,1.00,1.00
2010.09.08 23:00:42.969,1.6048,1.6054,1.00,1.00
2010.09.08 23:00:43.646,1.60475,1.6054,1.00,1.00
2010.09.08 23:00:44.027,1.6048,1.6054,1.00,1.00
2010.09.08 23:00:45.025,1.60475,1.60535,1.00,1.00
2010.09.08 23:00:53.416,1.60475,1.60525,1.00,1.00
2010.09.08 23:00:54.406,1.60475,1.60535,1.00,1.00
2010.09.08 23:00:58.616,1.60475,1.60535,1.00,1.00
2010.09.08 23:00:59.066,1.6047,1.60535,1.00,1.00
2010.09.08 23:01:01.047,1.60465,1.6053,1.00,1.00
2010.09.08 23:01:03.189,1.60465,1.6053,1.00,1.00
2010.09.08 23:01:06.028,1.60465,1.60525,1.00,1.00
2010.09.08 23:01:14.095,1.6047,1.6053,1.00,1.00
2010.09.08 23:01:16.804,1.6047,1.60535,1.00,1.00
2010.09.08 23:01:17.995,1.6047,1.60535,1.00,1.00
2010.09.08 23:01:19.524,1.60465,1.6053,1.00,1.00
2010.09.08 23:01:19.825,1.60465,1.6053,1.00,1.00
2010.09.08 23:01:23.016,1.6047,1.60535,1.00,1.00
2010.09.08 23:01:24.970,1.6047,1.6053,1.00,1.00
2010.09.08 23:01:25.467,1.6046,1.60525,1.00,1.00
2010.09.08 23:01:27.007,1.6046,1.6053,1.00,1.00
2010.09.08 23:01:27.853,1.6046,1.60525,1.00,1.00
2010.09.08 23:01:30.966,1.6046,1.60525,1.00,1.00
2010.09.08 23:01:32.579,1.6046,1.6052,1.00,1.00
2010.09.08 23:01:48.204,1.60455,1.60515,1.00,1.00
2010.09.08 23:01:48.646,1.60455,1.6052,1.00,1.00
2010.09.08 23:01:50.036,1.6046,1.6052,1.00,1.00
2010.09.08 23:01:54.085,1.60455,1.6052,1.00,1.00
2010.09.08 23:01:55.001,1.6046,1.6052,1.00,1.00
2010.09.08 23:02:12.865,1.60465,1.6053,1.00,1.00
2010.09.08 23:02:13.313,1.6047,1.6053,1.00,1.00
2010.09.08 23:02:15.007,1.60475,1.6053,1.00,1.00
2010.09.08 23:02:15.437,1.6047,1.6053,1.00,1.00
2010.09.08 23:02:15.534,1.60465,1.60525,1.00,1.00
2010.09.08 23:02:16.504,1.60465,1.6053,1.00,1.00
2010.09.08 23:02:16.844,1.60465,1.60525,1.00,1.00
2010.09.08 23:02:17.015,1.60465,1.60525,1.00,1.00
2010.09.08 23:02:17.649,1.6047,1.6053,1.00,1.00
2010.09.08 23:02:19.124,1.6047,1.60525,1.00,1.00
2010.09.08 23:02:19.663,1.6047,1.6053,1.00,1.00
2010.09.08 23:02:20.096,1.60465,1.60525,1.00,1.00
2010.09.08 23:02:23.574,1.60465,1.6053,1.00,1.00
2010.09.08 23:02:24.996,1.60465,1.6053,1.00,1.00
2010.09.08 23:02:26.795,1.60465,1.6053,1.00,1.00
2010.09.08 23:02:27.916,1.6046,1.6053,1.00,1.00
2010.09.08 23:02:28.106,1.60465,1.60525,1.00,1.00
2010.09.08 23:02:29.481,1.6046,1.60525,1.00,1.00
2010.09.08 23:02:30.136,1.60465,1.6053,1.00,1.00
2010.09.08 23:02:30.288,1.6046,1.6053,1.00,1.00
2010.09.08 23:02:30.708,1.60465,1.6053,1.00,1.00
2010.09.08 23:02:31.267,1.60465,1.6053,1.00,1.00
2010.09.08 23:02:32.011,1.60465,1.60525,1.00,1.00
2010.09.08 23:02:32.318,1.60465,1.6053,1.00,1.00
2010.09.08 23:02:33.387,1.6046,1.60525,1.00,1.00
2010.09.08 23:02:34.026,1.6047,1.60525,1.00,1.00
2010.09.08 23:02:34.146,1.60465,1.6053,1.00,1.00
2010.09.08 23:02:34.548,1.6047,1.60525,1.00,1.00
2010.09.08 23:02:35.613,1.60465,1.60525,1.00,1.00
2010.09.08 23:02:36.287,1.60465,1.6053,1.00,1.00
2010.09.08 23:02:37.514,1.6047,1.6053,1.00,1.00
2010.09.08 23:02:39.055,1.60475,1.6053,1.00,1.00
2010.09.08 23:02:47.794,1.6047,1.60525,1.00,1.00
2010.09.08 23:02:47.894,1.60475,1.6053,1.00,1.00
2010.09.08 23:02:48.670,1.6047,1.6053,1.00,1.00
2010.09.08 23:02:49.663,1.60475,1.6053,1.00,1.00
2010.09.08 23:03:01.836,1.6047,1.6053,1.00,1.00
2010.09.08 23:03:03.146,1.60475,1.6053,1.00,1.00
2010.09.08 23:03:10.675,1.6047,1.6053,1.00,1.00
2010.09.08 23:03:12.154,1.60475,1.6053,1.00,1.00
2010.09.08 23:03:15.145,1.60475,1.60535,1.00,1.00
2010.09.08 23:03:17.226,1.6048,1.60535,1.00,1.00
2010.09.08 23:03:18.127,1.60485,1.60545,1.00,1.00
2010.09.08 23:03:18.316,1.60485,1.60545,1.00,1.00
2010.09.08 23:03:19.096,1.6049,1.6055,1.00,1.00
2010.09.08 23:03:20.535,1.6049,1.60545,1.00,1.00
2010.09.08 23:03:28.232,1.6049,1.6055,1.00,1.00
2010.09.08 23:03:28.876,1.6049,1.60545,1.00,1.00
2010.09.08 23:03:45.527,1.60485,1.6055,1.00,1.00
2010.09.08 23:03:45.766,1.60475,1.6054,1.00,1.00
2010.09.08 23:03:47.223,1.6048,1.6054,1.00,1.00
2010.09.08 23:03:48.339,1.60475,1.60535,1.00,1.00
2010.09.08 23:03:50.015,1.60475,1.60535,1.00,1.00
2010.09.08 23:03:50.440,1.60475,1.6054,1.00,1.00
2010.09.08 23:03:50.684,1.60475,1.6054,1.00,1.00
2010.09.08 23:03:50.925,1.60475,1.60535,1.00,1.00
2010.09.08 23:03:51.616,1.6047,1.60535,1.00,1.00
2010.09.08 23:03:51.903,1.6047,1.6053,1.00,1.00
2010.09.08 23:03:52.345,1.6047,1.60535,1.00,1.00
2010.09.08 23:03:53.048,1.6047,1.60535,1.00,1.00
2010.09.08 23:03:54.748,1.6047,1.6053,1.00,1.00
2010.09.08 23:03:57.937,1.6047,1.60535,1.00,1.00
2010.09.08 23:03:59.056,1.60475,1.60535,1.00,1.00
2010.09.08 23:04:02.035,1.6047,1.60535,1.00,1.00
2010.09.08 23:04:04.074,1.60475,1.60535,1.00,1.00
2010.09.08 23:04:09.788,1.6048,1.6054,1.00,1.00
2010.09.08 23:04:09.915,1.60475,1.6054,1.00,1.00
2010.09.08 23:04:10.285,1.60475,1.60535,1.00,1.00
2010.09.08 23:04:12.047,1.60475,1.60535,1.00,1.00
2010.09.08 23:04:13.366,1.60475,1.6054,1.00,1.00
2010.09.08 23:04:13.605,1.60475,1.60535,1.00,1.00
2010.09.08 23:04:14.687,1.60475,1.6054,1.00,1.00
2010.09.08 23:04:14.867,1.60475,1.60535,1.00,1.00
2010.09.08 23:04:15.815,1.60475,1.60545,1.00,1.00
2010.09.08 23:04:16.976,1.60465,1.6054,1.50,1.00
2010.09.08 23:04:17.198,1.60465,1.6053,1.00,1.00
2010.09.08 23:04:17.416,1.60465,1.60545,1.60,1.00
2010.09.08 23:04:19.011,1.6047,1.60545,1.00,1.00
2010.09.08 23:04:20.037,1.6047,1.6055,1.00,1.00
2010.09.08 23:04:21.026,1.60475,1.6055,1.00,1.00
2010.09.08 23:04:22.329,1.6047,1.60545,1.00,1.00
2010.09.08 23:04:23.965,1.6047,1.60545,1.00,1.00
2010.09.08 23:04:26.076,1.60475,1.6054,1.00,1.00
2010.09.08 23:04:28.047,1.6047,1.60535,1.00,1.00
2010.09.08 23:04:31.997,1.6047,1.60535,1.00,1.00
2010.09.08 23:04:33.066,1.6047,1.6053,1.00,1.00
2010.09.08 23:04:35.888,1.6047,1.6053,1.00,1.00
2010.09.08 23:04:40.536,1.60475,1.60535,1.00,1.00
2010.09.08 23:04:41.320,1.6047,1.6053,1.00,1.00
2010.09.08 23:04:42.972,1.60475,1.60535,1.00,1.00
2010.09.08 23:04:47.198,1.6047,1.6053,1.00,1.00
2010.09.08 23:04:47.766,1.60475,1.60535,1.00,1.00
2010.09.08 23:04:47.881,1.6047,1.60535,1.00,1.00
2010.09.08 23:04:48.957,1.6047,1.6053,1.00,1.00
2010.09.08 23:04:50.727,1.60475,1.60535,1.00,1.00
2010.09.08 23:04:50.924,1.60475,1.60535,1.00,1.00
2010.09.08 23:05:12.975,1.6047,1.6054,1.00,1.00
2010.09.08 23:05:13.285,1.6047,1.6054,1.00,1.00
2010.09.08 23:05:14.055,1.6048,1.6054,1.00,1.00
2010.09.08 23:05:18.077,1.60475,1.6054,1.00,1.00
2010.09.08 23:05:19.066,1.6048,1.6054,1.00,1.00
2010.09.08 23:05:19.415,1.60485,1.60545,1.00,1.00
2010.09.08 23:05:20.619,1.6048,1.6054,1.00,1.00
2010.09.08 23:05:25.156,1.60485,1.60545,1.00,1.00
2010.09.08 23:05:25.606,1.6048,1.6054,1.00,1.00
2010.09.08 23:05:25.727,1.6048,1.6054,1.00,1.00
2010.09.08 23:05:27.707,1.60485,1.60545,1.00,1.00
2010.09.08 23:05:29.036,1.6049,1.60545,1.00,1.00
2010.09.08 23:05:40.996,1.6049,1.60555,1.00,1.00
2010.09.08 23:05:42.078,1.60495,1.60555,1.00,1.00
2010.09.08 23:05:42.568,1.6049,1.6055,1.00,1.00
2010.09.08 23:05:46.146,1.6048,1.60545,1.00,1.00
2010.09.08 23:05:46.425,1.60475,1.60545,1.00,1.00
2010.09.08 23:05:48.008,1.60475,1.6054,1.00,1.00
2010.09.08 23:05:49.038,1.60475,1.60545,1.00,1.00
2010.09.08 23:05:50.030,1.60475,1.60535,1.00,1.00
2010.09.08 23:05:51.634,1.6048,1.6054,1.00,1.00
2010.09.08 23:05:53.622,1.60475,1.6054,1.00,1.00
2010.09.08 23:05:54.426,1.6048,1.6054,1.00,1.00
2010.09.08 23:05:55.716,1.60485,1.60545,1.00,1.00
2010.09.08 23:06:00.265,1.6049,1.60545,1.00,1.00
2010.09.08 23:07:01.658,1.60475,1.6056,1.00,1.00
2010.09.08 23:07:07.489,1.6049,1.6055,1.00,1.00
2010.09.08 23:07:08.796,1.60495,1.6055,1.00,1.00
2010.09.08 23:07:09.477,1.6049,1.6055,1.00,1.00
2010.09.08 23:07:11.148,1.6049,1.60545,1.00,1.00
2010.09.08 23:07:15.107,1.6049,1.6055,1.00,1.00
2010.09.08 23:07:15.751,1.60495,1.6055,1.00,1.00
2010.09.08 23:07:16.885,1.6049,1.6055,1.00,1.00
2010.09.08 23:07:17.286,1.6049,1.60545,1.00,1.00
2010.09.08 23:07:18.655,1.60485,1.6055,1.00,1.00
2010.09.08 23:07:23.767,1.6048,1.60545,1.00,1.00
2010.09.08 23:07:25.036,1.60485,1.6055,1.00,1.00
2010.09.08 23:07:29.706,1.6048,1.6055,1.00,1.00
2010.09.08 23:07:30.087,1.60485,1.6055,1.00,1.00
2010.09.08 23:07:35.827,1.6048,1.6055,1.00,1.00
2010.09.08 23:07:36.849,1.60485,1.6055,1.00,1.00
2010.09.08 23:07:37.768,1.60485,1.60555,1.00,1.00
2010.09.08 23:07:39.056,1.60485,1.6055,1.00,1.00
2010.09.08 23:07:40.779,1.6048,1.6055,1.00,1.00
2010.09.08 23:07:41.416,1.6048,1.60545,1.00,1.00
2010.09.08 23:07:41.705,1.60485,1.6055,1.00,1.00
2010.09.08 23:07:45.415,1.6048,1.60545,1.00,1.00
2010.09.08 23:07:48.211,1.60485,1.6055,1.00,1.00
2010.09.08 23:07:56.693,1.6048,1.60545,1.00,1.00
2010.09.08 23:07:57.855,1.60485,1.6055,1.00,1.00
2010.09.08 23:07:59.126,1.6049,1.6055,1.00,1.00
2010.09.08 23:08:00.985,1.60485,1.6055,1.00,1.00
2010.09.08 23:08:01.965,1.6049,1.6055,1.00,1.00
2010.09.08 23:08:03.625,1.60485,1.60545,1.00,1.00
2010.09.08 23:08:04.375,1.6049,1.6055,1.00,1.00
2010.09.08 23:08:07.902,1.6049,1.6055,1.00,1.00
2010.09.08 23:08:08.595,1.6049,1.60545,1.00,1.00
2010.09.08 23:08:08.867,1.6049,1.6055,1.00,1.00
2010.09.08 23:08:10.195,1.60485,1.60545,1.00,1.00
2010.09.08 23:08:11.067,1.60485,1.6054,1.00,1.00
2010.09.08 23:08:11.365,1.6049,1.60545,1.00,1.00
2010.09.08 23:08:42.376,1.60485,1.6054,1.00,1.00
2010.09.08 23:08:43.417,1.6049,1.60545,1.00,1.00
2010.09.08 23:08:45.214,1.60485,1.60545,1.00,1.00
2010.09.08 23:08:45.484,1.60485,1.60545,1.00,1.00
2010.09.08 23:08:45.797,1.60485,1.6054,1.00,1.00
2010.09.08 23:09:10.115,1.6049,1.6055,1.00,1.00
2010.09.08 23:09:10.882,1.60485,1.60545,1.00,1.00
2010.09.08 23:09:11.084,1.6049,1.6055,1.00,1.00
2010.09.08 23:09:11.706,1.60485,1.60545,1.00,1.00
2010.09.08 23:09:12.204,1.6049,1.6055,1.00,1.00
2010.09.08 23:09:13.017,1.60495,1.6055,1.00,1.00
2010.09.08 23:09:14.828,1.6049,1.6055,1.00,1.00
2010.09.08 23:09:15.158,1.6049,1.6055,1.00,1.00
2010.09.08 23:09:18.039,1.60495,1.6055,1.00,1.00
2010.09.08 23:09:19.495,1.6049,1.60545,1.00,1.00
2010.09.08 23:09:26.026,1.60495,1.6055,1.00,1.00
2010.09.08 23:09:30.104,1.6049,1.60545,1.00,1.00
2010.09.08 23:09:30.839,1.6049,1.6055,1.00,1.00
2010.09.08 23:09:32.015,1.60495,1.6055,1.00,1.00
2010.09.08 23:09:33.972,1.6049,1.60545,1.00,1.00
2010.09.08 23:10:21.576,1.60475,1.60525,1.00,1.00
2010.09.08 23:10:23.065,1.60475,1.60525,1.00,1.00
2010.09.08 23:10:26.085,1.60475,1.60525,1.00,1.00
2010.09.08 23:10:30.934,1.6047,1.60525,1.00,1.00
2010.09.08 23:10:31.392,1.60475,1.60525,1.00,1.00
2010.09.08 23:10:33.840,1.60475,1.60525,1.00,1.00
2010.09.08 23:10:34.410,1.60475,1.60525,1.00,1.00
2010.09.08 23:10:34.630,1.60475,1.60525,1.00,1.00
2010.09.08 23:10:35.068,1.60475,1.60525,1.00,1.00
2010.09.08 23:10:36.456,1.60475,1.60525,1.00,1.00
2010.09.08 23:10:39.148,1.6047,1.60525,1.00,1.00
2010.09.08 23:10:41.764,1.60465,1.60525,1.00,1.00
2010.09.08 23:10:47.207,1.60465,1.6051,1.00,1.00
2010.09.08 23:10:47.834,1.6046,1.6051,1.00,1.00
2010.09.08 23:10:48.758,1.6044,1.6049,1.00,1.00
2010.09.08 23:10:49.087,1.6044,1.6049,1.00,1.00
2010.09.08 23:10:50.083,1.60445,1.6049,1.00,1.00
2010.09.08 23:10:51.016,1.60445,1.6049,1.00,1.00
2010.09.08 23:10:52.269,1.60445,1.6051,1.00,1.00
2010.09.08 23:10:53.055,1.6045,1.6051,1.00,1.00
2010.09.08 23:10:55.086,1.60455,1.6051,1.00,1.00
2010.09.08 23:10:57.047,1.60455,1.6051,1.00,1.00
2010.09.08 23:11:01.216,1.60455,1.6051,1.00,1.00
2010.09.08 23:11:02.779,1.6046,1.6051,1.00,1.00
2010.09.08 23:11:04.394,1.6045,1.6051,1.00,1.00
2010.09.08 23:11:04.791,1.60455,1.6051,1.00,1.00
2010.09.08 23:11:06.225,1.6046,1.6051,1.00,1.00
2010.09.08 23:11:08.111,1.60465,1.6051,1.00,1.00
2010.09.08 23:11:08.299,1.60455,1.6051,1.00,1.00
2010.09.08 23:11:09.299,1.6046,1.6051,1.00,1.00
2010.09.08 23:11:10.106,1.60455,1.6051,1.00,1.00
2010.09.08 23:11:11.856,1.60455,1.6051,1.00,1.00
2010.09.08 23:11:13.789,1.60455,1.6051,1.00,1.00
2010.09.08 23:11:13.956,1.60455,1.6051,1.00,1.00
2010.09.08 23:11:14.126,1.6046,1.6051,1.00,1.00
2010.09.08 23:11:14.375,1.6046,1.6051,1.00,1.00
2010.09.08 23:11:16.546,1.6046,1.60525,1.00,1.00
2010.09.08 23:11:17.510,1.60465,1.6053,1.00,1.00
2010.09.08 23:11:18.418,1.6046,1.60525,1.00,1.00
2010.09.08 23:11:19.327,1.60465,1.6053,1.00,1.00
2010.09.08 23:11:21.180,1.60465,1.6053,1.00,1.00
2010.09.08 23:11:21.338,1.60465,1.6053,1.00,1.00
2010.09.08 23:11:21.657,1.6047,1.6053,1.00,1.00
2010.09.08 23:11:22.035,1.60465,1.6053,1.00,1.00
2010.09.08 23:11:22.706,1.6047,1.6053,1.00,1.00
2010.09.08 23:11:22.997,1.60465,1.60525,1.00,1.00
2010.09.08 23:11:23.198,1.60465,1.60525,1.00,1.00
2010.09.08 23:11:23.347,1.60465,1.6053,1.00,1.00
2010.09.08 23:11:23.966,1.6047,1.60525,1.00,1.00
2010.09.08 23:11:24.236,1.60465,1.60525,1.00,1.00
2010.09.08 23:11:25.296,1.6047,1.60525,1.00,1.00
2010.09.08 23:11:26.178,1.6047,1.60525,1.00,1.00
2010.09.08 23:11:29.915,1.60475,1.6053,1.00,1.00
2010.09.08 23:11:40.397,1.60465,1.6053,1.00,1.00
2010.09.08 23:11:40.646,1.6046,1.60525,1.00,1.00
2010.09.08 23:11:40.787,1.6045,1.6052,1.00,1.00
2010.09.08 23:11:40.936,1.6044,1.6052,1.00,1.00
2010.09.08 23:11:41.085,1.6044,1.60515,1.00,1.00
2010.09.08 23:11:41.506,1.6044,1.6052,1.00,1.00
2010.09.08 23:11:42.418,1.60445,1.60515,1.00,1.00
2010.09.08 23:11:43.009,1.60445,1.6052,1.00,1.00
2010.09.08 23:11:44.468,1.60445,1.60515,1.00,1.00
2010.09.08 23:11:45.047,1.6045,1.60515,1.00,1.00
2010.09.08 23:11:45.920,1.60445,1.6051,1.00,1.00
2010.09.08 23:11:47.379,1.60445,1.60505,1.00,1.00
2010.09.08 23:11:49.178,1.60445,1.6051,1.00,1.00
2010.09.08 23:11:50.058,1.6045,1.6051,1.00,1.00
2010.09.08 23:11:51.047,1.6045,1.60505,1.00,1.00
2010.09.08 23:11:53.689,1.60455,1.6052,1.00,1.00
2010.09.08 23:11:53.788,1.60455,1.6052,1.00,1.00
2010.09.08 23:11:53.968,1.60455,1.6052,1.00,1.00
2010.09.08 23:11:55.008,1.6045,1.6052,1.00,1.00
2010.09.08 23:11:55.235,1.6046,1.6052,1.00,1.00
2010.09.08 23:11:56.576,1.60455,1.6052,1.00,1.00
2010.09.08 23:11:56.656,1.6046,1.60525,1.00,1.00
2010.09.08 23:11:56.857,1.6046,1.6052,1.00,1.00
2010.09.08 23:11:58.304,1.60465,1.60525,1.00,1.00
2010.09.08 23:11:58.977,1.6046,1.60525,1.00,1.00
2010.09.08 23:11:59.288,1.60465,1.60525,1.00,1.00
2010.09.08 23:12:04.038,1.60465,1.60525,1.00,1.00
2010.09.08 23:12:05.997,1.6047,1.60525,1.00,1.00
2010.09.08 23:12:06.519,1.60465,1.6052,1.00,1.00
2010.09.08 23:12:06.673,1.60465,1.60525,1.00,1.00
2010.09.08 23:12:06.861,1.60465,1.6052,1.00,1.00
2010.09.08 23:12:07.016,1.60465,1.60525,1.00,1.00
2010.09.08 23:12:07.768,1.6047,1.60525,1.00,1.00
2010.09.08 23:12:09.848,1.60465,1.6052,1.00,1.00
2010.09.08 23:12:09.960,1.6047,1.60525,1.00,1.00
2010.09.08 23:12:15.280,1.60475,1.60535,1.00,1.00
2010.09.08 23:12:15.352,1.60475,1.60535,1.00,1.00
2010.09.08 23:12:15.397,1.6047,1.60535,1.00,1.00
2010.09.08 23:12:15.933,1.60475,1.6054,1.00,1.00
2010.09.08 23:12:17.470,1.60475,1.60545,1.00,1.00
2010.09.08 23:12:18.006,1.60475,1.6054,1.00,1.00
2010.09.08 23:12:18.546,1.6048,1.60545,1.00,1.00
2010.09.08 23:12:19.993,1.60485,1.60545,1.00,1.00
2010.09.08 23:12:24.538,1.6047,1.60535,1.00,1.00
2010.09.08 23:12:24.615,1.6047,1.60535,1.00,1.00
2010.09.08 23:12:25.146,1.6047,1.60535,1.00,1.00
2010.09.08 23:12:25.219,1.6047,1.60535,1.00,1.00
2010.09.08 23:12:25.436,1.6047,1.60535,1.00,1.00
2010.09.08 23:12:27.098,1.6047,1.6053,1.00,1.00
2010.09.08 23:12:29.028,1.6047,1.6053,1.00,1.00
2010.09.08 23:12:34.466,1.6047,1.60525,1.00,1.00
2010.09.08 23:12:35.327,1.6047,1.6053,1.00,1.00
2010.09.08 23:12:36.968,1.6047,1.60525,1.00,1.00
2010.09.08 23:12:46.378,1.60465,1.6052,1.00,1.00
2010.09.08 23:12:46.655,1.6047,1.60525,1.00,1.00
2010.09.08 23:12:46.935,1.60465,1.6052,1.00,1.00
2010.09.08 23:12:47.215,1.6047,1.60525,1.00,1.00
2010.09.08 23:12:50.827,1.60465,1.6052,1.00,1.00
2010.09.08 23:12:50.902,1.60465,1.6052,1.00,1.00
2010.09.08 23:12:52.462,1.60465,1.60525,1.00,1.00
2010.09.08 23:12:53.477,1.6047,1.60525,1.00,1.00
2010.09.08 23:12:55.466,1.6046,1.60525,1.00,1.00
2010.09.08 23:12:55.696,1.60455,1.6052,1.00,1.00
2010.09.08 23:12:55.736,1.60455,1.6052,1.00,1.00
2010.09.08 23:12:55.865,1.60455,1.6052,1.00,1.00
2010.09.08 23:12:56.999,1.60455,1.60515,1.00,1.00
2010.09.08 23:12:58.919,1.60455,1.6052,1.00,1.00
2010.09.08 23:12:59.917,1.60455,1.60515,1.00,1.00
2010.09.08 23:13:04.969,1.60455,1.6051,1.00,1.00
2010.09.08 23:13:05.537,1.60455,1.6051,1.00,1.00
2010.09.08 23:13:22.776,1.60455,1.6052,1.00,1.00
2010.09.08 23:13:24.058,1.6046,1.6052,1.00,1.00
2010.09.08 23:13:28.687,1.60465,1.6052,1.00,1.00
2010.09.08 23:13:30.018,1.6046,1.60515,1.00,1.00
2010.09.08 23:13:30.254,1.60455,1.60515,1.00,1.00
2010.09.08 23:13:30.576,1.60455,1.60515,1.00,1.00
2010.09.08 23:13:30.788,1.60445,1.6051,1.00,1.00
2010.09.08 23:13:31.607,1.60445,1.60515,1.00,1.00
2010.09.08 23:13:32.098,1.60445,1.6051,1.00,1.00
2010.09.08 23:13:33.908,1.60445,1.6051,1.00,1.00
2010.09.08 23:13:34.447,1.6045,1.6051,1.00,1.00
2010.09.08 23:13:34.793,1.60445,1.6051,1.00,1.00
2010.09.08 23:13:35.669,1.6045,1.6051,1.00,1.00
2010.09.08 23:13:36.305,1.6045,1.60515,1.00,1.00
2010.09.08 23:13:36.435,1.6045,1.60515,1.00,1.00
2010.09.08 23:13:36.676,1.60445,1.6051,1.00,1.00
2010.09.08 23:13:36.969,1.6045,1.6051,1.00,1.00
2010.09.08 23:13:38.367,1.60445,1.6051,1.00,1.00
2010.09.08 23:13:39.626,1.6045,1.60515,1.00,1.00
2010.09.08 23:13:40.213,1.60445,1.6051,1.00,1.00
2010.09.08 23:13:40.844,1.6045,1.60505,1.00,1.00
2010.09.08 23:13:42.028,1.6045,1.6051,1.00,1.00
2010.09.08 23:13:42.367,1.60455,1.6052,1.00,1.00
2010.09.08 23:13:43.187,1.60455,1.60515,1.00,1.00
2010.09.08 23:13:43.778,1.6045,1.6052,1.00,1.00
2010.09.08 23:13:44.967,1.60455,1.60515,1.00,1.00
2010.09.08 23:13:48.918,1.6046,1.60515,1.00,1.00
2010.09.08 23:13:49.105,1.6046,1.60515,1.00,1.00
2010.09.08 23:13:51.999,1.6046,1.60525,1.00,1.00
2010.09.08 23:13:53.067,1.60465,1.60525,1.00,1.00
2010.09.08 23:13:59.001,1.6047,1.60525,1.00,1.00
2010.09.08 23:14:01.878,1.60465,1.60525,1.00,1.00
2010.09.08 23:14:02.037,1.6047,1.60525,1.00,1.00
2010.09.08 23:14:03.125,1.6047,1.60525,1.00,1.00
2010.09.08 23:14:05.986,1.6047,1.60525,1.00,1.00
2010.09.08 23:14:06.773,1.60475,1.6053,1.00,1.00
2010.09.08 23:14:07.576,1.6047,1.60525,1.00,1.00
2010.09.08 23:14:07.765,1.60475,1.6053,1.00,1.00
2010.09.08 23:14:11.005,1.60475,1.60535,1.00,1.00
2010.09.08 23:14:11.947,1.60475,1.60535,1.00,1.00
2010.09.08 23:14:13.338,1.6047,1.6053,1.00,1.00
2010.09.08 23:14:13.752,1.60475,1.60535,1.00,1.00
2010.09.08 23:14:13.925,1.60475,1.60535,1.00,1.00
2010.09.08 23:14:14.998,1.60475,1.6053,1.00,1.00
2010.09.08 23:14:15.708,1.6047,1.6053,1.00,1.00
2010.09.08 23:14:17.002,1.60475,1.6053,1.00,1.00
2010.09.08 23:14:19.822,1.60475,1.60535,1.00,1.00
2010.09.08 23:14:19.977,1.6047,1.6053,1.00,1.00
2010.09.08 23:14:20.958,1.60475,1.6053,1.00,1.00
2010.09.08 23:14:28.384,1.6047,1.6053,1.00,1.00
2010.09.08 23:14:28.466,1.60475,1.60535,1.00,1.00
2010.09.08 23:14:30.285,1.60475,1.6053,1.00,1.00
2010.09.08 23:14:32.700,1.60475,1.60535,1.00,1.00
2010.09.08 23:14:34.271,1.60475,1.6053,1.00,1.00
2010.09.08 23:14:36.089,1.6047,1.60525,1.00,1.00
2010.09.08 23:14:37.639,1.60475,1.6053,1.00,1.00
2010.09.08 23:14:39.642,1.6047,1.60525,1.00,1.00
2010.09.08 23:14:40.266,1.6047,1.6053,1.00,1.00
2010.09.08 23:14:42.022,1.60465,1.6053,1.00,1.00
2010.09.08 23:14:42.258,1.6047,1.6053,1.00,1.00
2010.09.08 23:14:44.068,1.60475,1.6053,1.00,1.00
2010.09.08 23:14:44.556,1.6047,1.6053,1.00,1.00
2010.09.08 23:14:45.966,1.6047,1.60525,1.00,1.00
2010.09.08 23:14:48.596,1.60475,1.6053,1.00,1.00
2010.09.08 23:14:48.750,1.6047,1.60525,1.00,1.00
2010.09.08 23:14:50.480,1.60475,1.6053,1.00,1.00
2010.09.08 23:14:51.489,1.6047,1.60525,1.00,1.00
2010.09.08 23:14:54.012,1.6047,1.6053,1.00,1.00
2010.09.08 23:14:54.105,1.60475,1.6053,1.00,1.00
2010.09.08 23:15:12.646,1.6047,1.60525,1.00,1.00
2010.09.08 23:15:13.367,1.60475,1.6053,1.00,1.00
2010.09.08 23:15:18.039,1.6047,1.60525,1.00,1.00
2010.09.08 23:15:19.892,1.6047,1.6052,1.00,1.00
2010.09.08 23:15:38.057,1.60475,1.6052,1.00,1.00
2010.09.08 23:15:41.206,1.6047,1.6052,1.00,1.00
2010.09.08 23:15:45.642,1.6047,1.60525,1.00,1.00
2010.09.08 23:15:49.967,1.60475,1.6053,1.00,1.00
2010.09.08 23:15:50.559,1.6047,1.60525,1.00,1.00
2010.09.08 23:15:55.157,1.60475,1.60535,1.00,1.00
2010.09.08 23:15:56.990,1.6047,1.6053,1.00,1.00
2010.09.08 23:15:57.855,1.6047,1.6053,1.00,1.00
2010.09.08 23:15:58.690,1.60475,1.6053,1.00,1.00
2010.09.08 23:15:58.896,1.6047,1.6053,1.00,1.00
2010.09.08 23:16:00.145,1.6047,1.60525,1.00,1.00
2010.09.08 23:16:00.556,1.60475,1.6053,1.00,1.00
2010.09.08 23:16:01.299,1.6047,1.60525,1.00,1.00
2010.09.08 23:16:02.092,1.6047,1.6053,1.00,1.00
2010.09.08 23:16:03.236,1.60475,1.6053,1.00,1.00
2010.09.08 23:16:03.448,1.60475,1.6052,1.00,1.00
2010.09.08 23:16:15.025,1.6047,1.6052,1.00,1.00
2010.09.08 23:16:15.971,1.60475,1.6052,1.00,1.00
2010.09.08 23:16:31.947,1.60465,1.6052,1.00,1.00
2010.09.08 23:16:32.226,1.60455,1.6052,1.00,1.00
2010.09.08 23:16:32.506,1.60455,1.60505,1.00,1.00
2010.09.08 23:16:38.089,1.60465,1.60505,1.00,1.00
2010.09.08 23:16:39.078,1.6046,1.60505,1.00,1.00
2010.09.08 23:16:43.027,1.60465,1.60505,1.00,1.00
2010.09.08 23:16:44.517,1.6046,1.60505,1.00,1.00
2010.09.08 23:16:46.018,1.60465,1.60505,1.00,1.00
2010.09.08 23:17:32.785,1.60465,1.6052,1.00,1.00
2010.09.08 23:17:33.625,1.60465,1.6052,1.00,1.00
2010.09.08 23:17:34.925,1.6047,1.6052,1.00,1.00
2010.09.08 23:17:40.014,1.60475,1.6052,1.00,1.00
2010.09.08 23:17:55.109,1.6047,1.6052,1.00,1.00
2010.09.08 23:17:55.465,1.60475,1.6052,1.00,1.00
2010.09.08 23:18:17.525,1.6047,1.6052,1.00,1.00
2010.09.08 23:18:20.666,1.60475,1.6052,1.00,1.00
2010.09.08 23:18:25.416,1.6047,1.6052,1.00,1.00
2010.09.08 23:18:25.477,1.6047,1.6052,1.00,1.00
2010.09.08 23:18:27.545,1.6047,1.6052,1.00,1.00
2010.09.08 23:18:29.541,1.60475,1.6052,1.00,1.00
2010.09.08 23:18:33.656,1.60475,1.6053,1.00,1.00
2010.09.08 23:18:37.219,1.6047,1.60525,1.00,1.00
2010.09.08 23:19:39.110,1.6046,1.6054,1.00,1.00
2010.09.08 23:20:04.158,1.6046,1.60545,1.00,1.00
2010.09.08 23:20:11.131,1.6047,1.60535,1.00,1.00
2010.09.08 23:20:12.029,1.60475,1.60535,1.00,1.00
2010.09.08 23:20:16.325,1.6047,1.6054,1.00,1.00
2010.09.08 23:20:17.054,1.60465,1.6053,1.00,1.00
2010.09.08 23:20:17.277,1.60465,1.6053,1.00,1.00
2010.09.08 23:20:18.181,1.6046,1.6053,1.00,1.00
2010.09.08 23:20:18.516,1.60465,1.60525,1.00,1.00
2010.09.08 23:20:19.677,1.6046,1.6053,1.00,1.00
2010.09.08 23:20:19.879,1.60465,1.60525,1.00,1.00
2010.09.08 23:20:20.526,1.6047,1.6053,1.00,1.00
2010.09.08 23:20:21.817,1.6046,1.60525,1.00,1.00
2010.09.08 23:20:23.500,1.6046,1.6053,1.00,1.00
2010.09.08 23:20:24.120,1.60465,1.6053,1.00,1.00
2010.09.08 23:20:29.277,1.6047,1.6053,1.00,1.00
2010.09.08 23:20:33.557,1.60465,1.6053,1.00,1.00
2010.09.08 23:20:35.006,1.6047,1.6053,1.00,1.00
2010.09.08 23:20:35.137,1.60465,1.6053,1.00,1.00
2010.09.08 23:20:35.920,1.60465,1.60535,1.00,1.00
2010.09.08 23:20:37.038,1.60465,1.6053,1.00,1.00
2010.09.08 23:20:37.770,1.60465,1.6053,1.00,1.00
2010.09.08 23:20:46.517,1.60465,1.6053,1.00,1.00
2010.09.08 23:20:48.058,1.60465,1.6053,1.00,1.00
2010.09.08 23:20:58.067,1.6047,1.6053,1.00,1.00
2010.09.08 23:21:05.716,1.60465,1.6053,1.00,1.00
2010.09.08 23:21:08.744,1.6047,1.60535,1.00,1.00
2010.09.08 23:21:10.287,1.6047,1.60535,1.00,1.00
2010.09.08 23:21:10.853,1.60475,1.60535,1.00,1.00
2010.09.08 23:21:16.779,1.60475,1.6054,1.00,1.00
2010.09.08 23:21:17.028,1.60475,1.60545,1.00,1.00
2010.09.08 23:21:18.533,1.6048,1.60545,1.00,1.00
2010.09.08 23:21:20.216,1.60485,1.6055,1.00,1.00
2010.09.08 23:21:20.336,1.60485,1.6056,1.00,1.00
2010.09.08 23:21:20.457,1.6049,1.60565,1.00,1.00
2010.09.08 23:21:21.872,1.60495,1.60565,1.00,1.00
2010.09.08 23:21:22.952,1.605,1.60565,1.00,1.00
2010.09.08 23:21:23.126,1.605,1.60565,1.00,1.00
2010.09.08 23:21:24.008,1.605,1.6056,1.00,1.00
2010.09.08 23:21:25.895,1.605,1.60565,1.00,1.00
2010.09.08 23:21:27.979,1.60505,1.60565,1.00,1.00
2010.09.08 23:21:28.096,1.60505,1.60565,1.00,1.00
2010.09.08 23:21:28.738,1.6051,1.6057,1.00,1.00
2010.09.08 23:21:29.734,1.6051,1.6057,1.00,1.00
2010.09.08 23:21:32.449,1.60515,1.6057,1.00,1.00
2010.09.08 23:21:32.698,1.60505,1.6057,1.00,1.00
2010.09.08 23:21:33.177,1.605,1.60565,1.00,1.00
2010.09.08 23:21:34.509,1.605,1.60565,1.00,1.00
2010.09.08 23:21:37.229,1.60495,1.60565,1.00,1.00
2010.09.08 23:21:37.680,1.60505,1.6057,1.00,1.00
2010.09.08 23:21:37.846,1.60505,1.6057,1.00,1.00
2010.09.08 23:21:39.490,1.605,1.60565,1.00,1.00
2010.09.08 23:21:41.099,1.60505,1.60565,1.00,1.00
2010.09.08 23:21:41.322,1.6051,1.6057,1.00,1.00
2010.09.08 23:21:43.131,1.60505,1.6057,1.00,1.00
2010.09.08 23:21:44.157,1.6051,1.6057,1.00,1.00
2010.09.08 23:21:44.266,1.60505,1.6057,1.00,1.00
2010.09.08 23:21:44.775,1.6051,1.60565,1.00,1.00
2010.09.08 23:21:44.888,1.60505,1.6057,1.00,1.00
2010.09.08 23:21:45.536,1.6051,1.6057,1.00,1.00
2010.09.08 23:21:46.981,1.60515,1.60575,1.00,1.00
2010.09.08 23:21:48.052,1.6051,1.6057,1.00,1.00
2010.09.08 23:21:49.726,1.60515,1.60575,1.00,1.00
2010.09.08 23:21:50.589,1.6051,1.6057,1.00,1.00
2010.09.08 23:21:52.097,1.6051,1.6057,1.00,1.00
2010.09.08 23:21:53.326,1.60505,1.6057,1.00,1.00
2010.09.08 23:21:53.788,1.6051,1.6057,1.00,1.00
2010.09.08 23:22:07.221,1.60505,1.6057,1.00,1.00
2010.09.08 23:22:08.646,1.6051,1.6057,1.00,1.00
2010.09.08 23:22:15.807,1.6051,1.6058,1.00,1.00
2010.09.08 23:22:16.167,1.60515,1.60575,1.00,1.00
2010.09.08 23:22:18.078,1.60515,1.6058,1.00,1.00
2010.09.08 23:22:19.076,1.6051,1.60575,1.00,1.00
2010.09.08 23:22:21.516,1.6051,1.60575,1.00,1.00
2010.09.08 23:22:22.613,1.60515,1.60575,1.00,1.00
2010.09.08 23:22:25.144,1.6051,1.60575,1.00,1.00
2010.09.08 23:22:27.159,1.6051,1.6057,1.00,1.00
2010.09.08 23:22:29.027,1.60515,1.60575,1.00,1.00
2010.09.08 23:22:29.858,1.6051,1.60575,1.00,1.00
2010.09.08 23:22:31.068,1.6051,1.6057,1.00,1.00
2010.09.08 23:22:38.095,1.60515,1.6058,1.00,1.00
2010.09.08 23:22:38.237,1.60515,1.60575,1.00,1.00
2010.09.08 23:22:39.355,1.6051,1.60575,1.00,1.00
2010.09.08 23:22:42.984,1.6051,1.60575,1.00,1.00
2010.09.08 23:22:43.973,1.6051,1.6057,1.00,1.00
2010.09.08 23:22:47.007,1.60515,1.6058,1.00,1.00
2010.09.08 23:22:48.048,1.60515,1.6058,1.00,1.00
2010.09.08 23:22:51.050,1.60515,1.6058,1.00,1.00
2010.09.08 23:22:53.115,1.6052,1.6058,1.00,1.00
2010.09.08 23:22:53.731,1.6051,1.6058,1.00,1.00
2010.09.08 23:22:55.050,1.6051,1.60575,1.00,1.00
2010.09.08 23:22:56.038,1.60515,1.60575,1.00,1.00
2010.09.08 23:22:58.017,1.6051,1.60575,1.00,1.00
2010.09.08 23:22:59.997,1.6051,1.6057,1.00,1.00
2010.09.08 23:23:03.376,1.605,1.6057,1.00,1.00
2010.09.08 23:23:03.526,1.605,1.6057,1.00,1.00
2010.09.08 23:23:03.676,1.60495,1.6057,1.00,1.00
2010.09.08 23:23:03.826,1.60495,1.6057,1.00,1.00
2010.09.08 23:23:04.125,1.60495,1.6057,1.00,1.00
2010.09.08 23:23:04.276,1.60495,1.6057,1.00,1.00
2010.09.08 23:23:05.090,1.60495,1.60565,1.00,1.00
2010.09.08 23:23:07.038,1.605,1.60565,1.00,1.00
2010.09.08 23:23:08.983,1.605,1.6057,1.00,1.00
2010.09.08 23:23:10.008,1.605,1.60565,1.00,1.00
2010.09.08 23:23:11.936,1.60505,1.60565,1.00,1.00
2010.09.08 23:23:12.978,1.60505,1.60565,1.00,1.00
2010.09.08 23:23:21.397,1.605,1.6057,1.00,1.00
2010.09.08 23:23:21.636,1.605,1.6057,1.00,1.00
2010.09.08 23:23:23.019,1.6051,1.6057,1.00,1.00
2010.09.08 23:23:23.970,1.60515,1.6057,1.00,1.00
2010.09.08 23:23:34.469,1.605,1.60565,1.00,1.00
2010.09.08 23:23:34.514,1.605,1.60565,1.00,1.00
2010.09.08 23:23:35.998,1.605,1.6056,1.00,1.00
2010.09.08 23:23:37.056,1.60505,1.60565,1.00,1.00
2010.09.08 23:23:37.918,1.605,1.6056,1.00,1.00
2010.09.08 23:23:42.989,1.605,1.60555,1.00,1.00
2010.09.08 23:24:07.839,1.60495,1.60555,1.00,1.00
2010.09.08 23:24:09.172,1.60495,1.6055,1.00,1.00
2010.09.08 23:24:11.688,1.60495,1.60555,1.00,1.00
2010.09.08 23:24:11.785,1.60495,1.60565,1.00,1.00
2010.09.08 23:24:11.887,1.605,1.60565,1.00,1.00
2010.09.08 23:24:12.076,1.605,1.60565,1.00,1.00
2010.09.08 23:24:13.958,1.60505,1.60565,1.00,1.00
2010.09.08 23:24:49.201,1.605,1.6057,1.00,1.00
2010.09.08 23:24:49.250,1.605,1.60565,1.00,1.00
2010.09.08 23:24:49.460,1.60505,1.60565,1.00,1.00
2010.09.08 23:24:49.668,1.605,1.6056,1.00,1.00
2010.09.08 23:24:51.186,1.605,1.6056,1.00,1.00
2010.09.08 23:25:05.464,1.605,1.6057,1.00,1.00
2010.09.08 23:25:05.828,1.60505,1.60575,1.00,1.00
2010.09.08 23:25:06.976,1.6051,1.60575,1.00,1.00
2010.09.08 23:25:09.018,1.60505,1.60575,1.00,1.00
2010.09.08 23:25:10.146,1.60515,1.60575,1.00,1.00
2010.09.08 23:25:12.021,1.6051,1.6057,1.00,1.00
2010.09.08 23:25:13.008,1.6051,1.60575,1.00,1.00
2010.09.08 23:25:15.138,1.60515,1.60575,1.00,1.00
2010.09.08 23:26:16.080,1.605,1.60585,1.00,1.00
2010.09.08 23:26:24.049,1.6051,1.60575,1.00,1.00
2010.09.08 23:26:24.857,1.60515,1.6058,1.00,1.00
2010.09.08 23:26:24.887,1.6052,1.6058,1.00,1.00
2010.09.08 23:26:25.309,1.60515,1.60575,1.00,1.00
2010.09.08 23:26:25.576,1.6052,1.60585,1.00,1.00
2010.09.08 23:26:25.837,1.60525,1.6059,1.00,1.00
2010.09.08 23:26:26.107,1.60525,1.6059,1.00,1.00
2010.09.08 23:26:26.297,1.60525,1.60585,1.00,1.00
2010.09.08 23:26:26.989,1.6053,1.60595,1.00,1.00
2010.09.08 23:26:27.237,1.60535,1.60595,1.00,1.00
2010.09.08 23:26:28.997,1.6053,1.606,1.00,1.00
2010.09.08 23:26:29.367,1.6053,1.6059,1.00,1.00
2010.09.08 23:26:29.496,1.60525,1.6059,1.00,1.00
2010.09.08 23:26:30.752,1.6053,1.60595,1.00,1.00
2010.09.08 23:26:32.069,1.6053,1.60595,1.00,1.00
2010.09.08 23:26:35.008,1.60525,1.6059,1.00,1.00
2010.09.08 23:26:35.367,1.60525,1.6059,1.00,1.00
2010.09.08 23:26:36.567,1.6052,1.6059,1.00,1.00
2010.09.08 23:26:37.034,1.6052,1.60585,1.00,1.00
2010.09.08 23:26:39.111,1.60515,1.60585,1.00,1.00
2010.09.08 23:26:42.547,1.60525,1.60585,1.00,1.00
2010.09.08 23:26:42.959,1.6052,1.6058,1.00,1.00
2010.09.08 23:26:44.017,1.60525,1.60585,1.00,1.00
2010.09.08 23:26:44.166,1.60525,1.60585,1.00,1.00
2010.09.08 23:27:38.427,1.6051,1.6058,1.00,1.00
2010.09.08 23:27:38.697,1.6051,1.6058,1.00,1.00
2010.09.08 23:27:39.336,1.6051,1.6058,1.00,1.00
2010.09.08 23:27:39.947,1.60495,1.60575,1.00,1.00
2010.09.08 23:27:40.046,1.60495,1.60575,1.00,1.60
2010.09.08 23:27:40.148,1.6049,1.60575,1.00,2.00
2010.09.08 23:27:40.249,1.60495,1.60575,1.00,1.00
2010.09.08 23:27:41.200,1.60495,1.60575,1.00,1.00
2010.09.08 23:27:42.159,1.60495,1.6057,1.00,1.00
2010.09.08 23:27:42.905,1.605,1.60575,1.00,1.00
2010.09.08 23:27:43.116,1.605,1.6057,1.00,1.00
2010.09.08 23:27:43.916,1.605,1.60575,1.00,1.00
2010.09.08 23:27:45.406,1.60505,1.60575,1.00,1.00
2010.09.08 23:27:47.030,1.6051,1.6057,1.00,1.00
2010.09.08 23:27:50.007,1.6051,1.6058,1.00,1.00
2010.09.08 23:27:50.144,1.6051,1.6058,1.00,1.00
2010.09.08 23:28:50.207,1.60505,1.6059,1.00,1.00
2010.09.08 23:29:12.343,1.6051,1.60585,1.00,1.00
2010.09.08 23:29:12.718,1.6051,1.60585,1.00,1.00
2010.09.08 23:29:12.969,1.60515,1.60585,1.00,1.00
2010.09.08 23:29:14.070,1.6052,1.60585,1.00,1.00
2010.09.08 23:29:29.516,1.60525,1.60595,1.00,1.00
2010.09.08 23:29:29.918,1.60525,1.60595,1.00,1.00
2010.09.08 23:29:31.944,1.6053,1.60595,1.00,1.00
2010.09.08 23:29:32.079,1.6053,1.60595,1.00,1.00
2010.09.08 23:29:33.434,1.60535,1.60595,1.00,1.00
2010.09.08 23:29:35.043,1.60535,1.60595,1.00,1.00
2010.09.08 23:29:39.757,1.6053,1.60595,1.00,1.00
2010.09.08 23:29:40.207,1.6052,1.6059,1.00,1.00
2010.09.08 23:29:42.678,1.60515,1.60585,1.00,1.00
2010.09.08 23:29:42.938,1.60515,1.60585,1.00,1.00
2010.09.08 23:29:44.047,1.60515,1.6058,1.00,1.00
2010.09.08 23:29:45.041,1.6052,1.6058,1.00,1.00
2010.09.08 23:29:47.067,1.60515,1.6058,1.00,1.00
2010.09.08 23:29:47.776,1.60515,1.60575,1.00,1.00
2010.09.08 23:29:52.191,1.60515,1.6057,1.00,1.00
2010.09.08 23:29:52.468,1.60515,1.6057,1.00,1.00
2010.09.08 23:29:52.627,1.6052,1.60585,1.00,1.00
2010.09.08 23:29:52.868,1.60525,1.606,1.00,1.00
2010.09.08 23:29:53.552,1.60535,1.606,1.00,1.00
2010.09.08 23:29:53.859,1.60525,1.606,1.00,1.00
2010.09.08 23:29:55.658,1.6053,1.606,1.00,1.00
2010.09.08 23:29:56.181,1.60535,1.606,1.00,1.00
2010.09.08 23:29:58.040,1.6053,1.606,1.00,1.00
2010.09.08 23:29:59.453,1.6054,1.606,1.00,1.00
2010.09.08 23:29:59.968,1.60535,1.60595,1.00,1.00
2010.09.08 23:30:02.474,1.60535,1.606,1.00,1.00
2010.09.08 23:30:03.048,1.60535,1.60595,1.00,1.00
2010.09.08 23:30:03.226,1.60535,1.60595,1.00,1.00
2010.09.08 23:30:05.269,1.6054,1.60595,1.00,1.00
2010.09.08 23:30:37.098,1.60535,1.60595,1.00,1.00
2010.09.08 23:30:39.030,1.6054,1.60595,1.00,1.00
2010.09.08 23:31:16.408,1.60535,1.60595,1.00,1.00
2010.09.08 23:31:16.547,1.6053,1.6059,1.60,1.00
2010.09.08 23:31:16.768,1.6053,1.6059,1.00,1.00
2010.09.08 23:31:18.059,1.60535,1.60595,1.00,1.00
2010.09.08 23:31:43.481,1.6054,1.60595,1.00,1.00
2010.09.08 23:31:43.756,1.6054,1.60595,1.00,1.00
2010.09.08 23:32:06.625,1.60535,1.60595,1.00,1.00
2010.09.08 23:32:19.654,1.60535,1.60595,1.00,1.70
2010.09.08 23:32:56.156,1.60535,1.60595,1.00,1.00
2010.09.08 23:33:07.262,1.60525,1.606,1.60,2.20
2010.09.08 23:33:26.124,1.6054,1.60595,1.00,1.00
2010.09.08 23:33:34.970,1.6053,1.60595,1.00,1.00
2010.09.08 23:33:35.246,1.6053,1.60595,1.00,1.70
2010.09.08 23:33:35.317,1.6053,1.6059,1.00,1.00
2010.09.08 23:33:35.528,1.6052,1.6059,1.00,1.00
2010.09.08 23:33:35.678,1.6052,1.60585,1.00,1.00
2010.09.08 23:33:40.857,1.6052,1.60585,1.00,1.00
2010.09.08 23:33:43.560,1.60515,1.60585,1.00,1.00
2010.09.08 23:33:43.832,1.60515,1.60585,1.00,1.00
2010.09.08 23:33:52.723,1.60515,1.60585,1.00,1.00
2010.09.08 23:33:53.989,1.6052,1.60585,1.00,1.00
2010.09.08 23:33:55.189,1.60525,1.6059,1.00,1.00
2010.09.08 23:33:55.297,1.60525,1.6059,1.60,1.00
2010.09.08 23:33:55.409,1.6053,1.606,1.00,2.30
2010.09.08 23:33:55.517,1.6053,1.606,1.00,1.00
2010.09.08 23:33:55.846,1.6053,1.606,1.00,1.00
2010.09.08 23:33:57.137,1.6053,1.606,1.00,1.00
2010.09.08 23:33:58.841,1.60535,1.606,1.00,1.00
2010.09.08 23:34:00.050,1.6053,1.606,1.00,1.00
2010.09.08 23:34:00.319,1.6054,1.606,1.00,1.00
2010.09.08 23:34:03.619,1.60535,1.606,1.00,1.00
2010.09.08 23:34:05.929,1.6054,1.606,1.00,1.00
2010.09.08 23:34:41.737,1.6053,1.60595,1.00,1.00
2010.09.08 23:34:42.389,1.60535,1.606,1.00,1.00
2010.09.08 23:34:42.628,1.6053,1.60595,1.00,1.00
2010.09.08 23:34:52.628,1.60525,1.6059,1.00,1.00
2010.09.08 23:34:53.229,1.60525,1.60595,1.60,1.00
2010.09.08 23:34:53.998,1.6053,1.60595,1.00,1.00
2010.09.08 23:34:55.771,1.60525,1.60595,1.60,1.00
2010.09.08 23:34:56.027,1.60525,1.60595,1.00,1.60
2010.09.08 23:34:56.156,1.60525,1.60595,1.00,2.10
2010.09.08 23:34:57.425,1.60525,1.6059,1.00,1.00
2010.09.08 23:34:59.068,1.60525,1.60595,1.00,2.20
2010.09.08 23:35:02.039,1.60525,1.60585,1.00,1.00
2010.09.08 23:35:49.749,1.6053,1.6059,1.00,1.00
2010.09.08 23:35:51.609,1.6052,1.6059,1.00,1.00
2010.09.08 23:35:51.938,1.60525,1.6059,1.00,1.00
2010.09.08 23:36:26.808,1.6052,1.60585,1.00,1.00
2010.09.08 23:36:26.948,1.6052,1.60585,1.00,1.00
2010.09.08 23:36:29.029,1.60515,1.60585,1.00,1.00
2010.09.08 23:36:32.978,1.60515,1.6058,1.00,1.00
2010.09.08 23:36:47.179,1.60515,1.60575,1.00,1.00
2010.09.08 23:36:48.063,1.60515,1.6058,1.00,1.00
2010.09.08 23:36:49.019,1.60515,1.60575,1.00,1.00
2010.09.08 23:36:52.277,1.6051,1.6057,1.00,1.00
2010.09.08 23:36:52.509,1.60515,1.60575,1.00,1.00
2010.09.08 23:36:54.005,1.60515,1.60575,1.00,1.00
2010.09.08 23:37:39.568,1.605,1.6057,1.60,1.00
2010.09.08 23:37:40.197,1.605,1.6057,1.00,1.00
2010.09.08 23:37:50.628,1.60505,1.60575,1.00,1.00
2010.09.08 23:37:51.338,1.60495,1.6057,1.00,1.00
2010.09.08 23:37:51.467,1.60495,1.60565,1.00,1.00
2010.09.08 23:37:51.729,1.605,1.60565,1.00,1.00
2010.09.08 23:37:53.022,1.60505,1.60565,1.00,1.00
2010.09.08 23:37:54.572,1.605,1.60565,1.00,1.00
2010.09.08 23:37:55.185,1.60505,1.60565,1.00,1.00
2010.09.08 23:37:55.272,1.605,1.60565,1.00,1.00
2010.09.08 23:37:57.979,1.605,1.60565,1.00,1.00
2010.09.08 23:37:59.918,1.605,1.6056,1.00,1.00
2010.09.08 23:38:10.888,1.60505,1.60565,1.00,1.00
2010.09.08 23:38:11.037,1.60505,1.6057,1.00,3.10
2010.09.08 23:38:11.178,1.60505,1.6057,1.60,1.00
2010.09.08 23:38:11.338,1.605,1.60565,1.00,1.00
2010.09.08 23:38:11.989,1.60505,1.60565,1.00,1.00
2010.09.08 23:38:13.879,1.605,1.60565,1.00,1.00
2010.09.08 23:38:14.996,1.60505,1.60565,1.00,1.00
2010.09.08 23:38:18.049,1.605,1.60565,1.00,1.00
2010.09.08 23:38:19.086,1.605,1.6056,1.00,1.00
2010.09.08 23:38:19.347,1.60495,1.6056,1.00,1.00
2010.09.08 23:38:20.787,1.60495,1.6056,1.00,1.00
2010.09.08 23:38:22.361,1.60495,1.60555,1.00,1.00
2010.09.08 23:38:29.143,1.605,1.6056,1.00,1.00
2010.09.08 23:38:30.025,1.60495,1.60555,1.00,1.00
2010.09.08 23:38:32.216,1.605,1.6056,1.00,1.00
2010.09.08 23:38:34.310,1.60495,1.60555,1.00,1.00
2010.09.08 23:38:34.817,1.60495,1.6056,1.00,1.00
2010.09.08 23:38:35.427,1.605,1.6057,1.00,1.60
2010.09.08 23:38:35.537,1.60505,1.6057,1.60,1.00
2010.09.08 23:38:36.938,1.60505,1.60565,1.60,1.00
2010.09.08 23:38:37.029,1.605,1.60565,1.00,1.00
2010.09.08 23:38:37.458,1.60495,1.6056,1.00,1.00
2010.09.08 23:38:39.039,1.60495,1.60565,1.00,1.00
2010.09.08 23:38:39.989,1.60495,1.6056,1.00,1.00
2010.09.08 23:38:42.958,1.60495,1.6056,1.00,1.00
2010.09.08 23:38:44.828,1.60495,1.60555,1.00,1.00
2010.09.08 23:39:07.441,1.60495,1.6056,1.00,1.00
2010.09.08 23:39:08.419,1.605,1.6056,1.00,1.00
2010.09.08 23:39:14.998,1.6051,1.60565,1.00,1.00
2010.09.08 23:39:15.198,1.6051,1.6057,1.00,1.00
2010.09.08 23:39:15.901,1.6051,1.60565,1.00,1.00
2010.09.08 23:39:16.108,1.60505,1.60565,1.60,1.00
2010.09.08 23:39:16.219,1.605,1.60565,1.00,1.00
2010.09.08 23:39:17.368,1.6051,1.6057,1.00,3.10
2010.09.08 23:39:17.527,1.6051,1.60575,1.00,1.00
2010.09.08 23:39:19.089,1.6051,1.60575,1.00,1.00
2010.09.08 23:39:19.638,1.6051,1.6057,1.00,1.00
2010.09.08 23:39:20.841,1.605,1.60565,1.00,1.00
2010.09.08 23:39:20.980,1.605,1.60565,1.00,1.00
2010.09.08 23:39:24.039,1.60495,1.60565,1.00,1.00
2010.09.08 23:39:24.918,1.605,1.6056,1.00,1.00
2010.09.08 23:39:26.459,1.6051,1.6056,1.00,1.00
2010.09.08 23:39:26.953,1.6051,1.60565,1.00,1.00
2010.09.08 23:39:26.980,1.6051,1.6057,1.00,1.00
2010.09.08 23:39:27.777,1.6051,1.60565,1.00,1.00
2010.09.08 23:39:29.089,1.6051,1.6057,1.00,1.00
2010.09.08 23:39:29.247,1.6051,1.6057,1.00,1.00
2010.09.08 23:39:31.903,1.6051,1.60565,1.00,1.00
2010.09.08 23:39:33.003,1.6051,1.60565,1.00,1.00
2010.09.08 23:39:36.500,1.6051,1.6057,1.00,1.00
2010.09.08 23:39:37.019,1.6051,1.60575,1.00,1.00
2010.09.08 23:39:39.739,1.60515,1.6058,1.00,1.00
2010.09.08 23:39:39.798,1.60515,1.6058,1.00,1.00
2010.09.08 23:39:39.857,1.6052,1.6058,1.00,1.00
2010.09.08 23:39:40.939,1.6052,1.6058,1.00,1.00
2010.09.08 23:39:43.014,1.6052,1.60585,1.00,1.00
2010.09.08 23:39:44.040,1.60525,1.60585,1.00,1.00
2010.09.08 23:39:46.360,1.60515,1.6058,1.00,1.00
2010.09.08 23:39:46.468,1.60515,1.6058,1.00,1.00
2010.09.08 23:39:46.578,1.60515,1.60575,1.00,1.00
2010.09.08 23:39:46.949,1.6052,1.6058,1.00,1.00
2010.09.08 23:39:47.208,1.6051,1.60575,1.00,1.00
2010.09.08 23:39:47.858,1.60515,1.6058,1.00,1.00
2010.09.08 23:39:48.965,1.60515,1.60575,1.00,1.00
2010.09.08 23:40:04.039,1.60515,1.60575,1.00,1.00
2010.09.08 23:40:10.248,1.6051,1.60575,1.00,1.00
2010.09.08 23:40:10.410,1.60515,1.60585,1.00,1.00
2010.09.08 23:40:10.488,1.6051,1.60585,1.00,1.00
2010.09.08 23:40:10.568,1.6051,1.60585,1.00,3.60
2010.09.08 23:40:10.648,1.6051,1.60575,1.00,1.00
2010.09.08 23:40:13.010,1.6051,1.60575,1.00,1.00
2010.09.08 23:40:14.988,1.6051,1.60575,1.00,1.00
2010.09.08 23:40:16.913,1.6051,1.60575,1.00,1.00
2010.09.08 23:40:18.189,1.60515,1.60575,1.00,1.00
2010.09.08 23:40:20.127,1.60515,1.60575,1.00,1.00
2010.09.08 23:40:28.740,1.6051,1.60575,1.00,1.00
2010.09.08 23:40:28.987,1.60505,1.60575,1.00,1.00
2010.09.08 23:40:29.238,1.6051,1.6057,1.00,1.00
2010.09.08 23:40:30.008,1.60515,1.6057,1.00,1.00
2010.09.08 23:40:30.369,1.6051,1.60575,1.00,2.40
2010.09.08 23:40:30.548,1.6051,1.6057,1.00,1.00
2010.09.08 23:40:30.728,1.6051,1.60575,1.00,2.40
2010.09.08 23:40:30.908,1.6051,1.60575,1.00,1.00
2010.09.08 23:40:31.048,1.60505,1.6057,1.00,1.00
2010.09.08 23:40:31.309,1.6051,1.60575,1.00,1.00
2010.09.08 23:40:31.578,1.6051,1.6057,1.00,1.00
2010.09.08 23:40:31.718,1.6051,1.60575,1.00,2.40
2010.09.08 23:40:32.211,1.6051,1.60575,1.00,1.00
2010.09.08 23:40:32.499,1.60515,1.6057,1.00,1.00
2010.09.08 23:40:32.649,1.60505,1.6057,1.00,1.00
2010.09.08 23:40:32.798,1.6051,1.60575,1.00,2.40
2010.09.08 23:40:33.098,1.60505,1.6057,1.00,1.00
2010.09.08 23:40:33.248,1.6051,1.60575,1.00,2.40
2010.09.08 23:40:33.387,1.6051,1.60575,1.00,1.00
2010.09.08 23:40:33.528,1.6051,1.6057,1.00,1.00
2010.09.08 23:40:34.066,1.60505,1.6057,1.00,1.00
2010.09.08 23:40:34.348,1.6051,1.60575,1.00,2.40
2010.09.08 23:40:34.590,1.6051,1.6057,1.00,1.00
2010.09.08 23:40:34.828,1.6051,1.60575,1.00,2.40
2010.09.08 23:40:35.069,1.60505,1.6057,1.00,1.00
2010.09.08 23:40:35.310,1.6051,1.60575,1.00,2.40
2010.09.08 23:40:35.478,1.60505,1.6057,1.00,1.00
2010.09.08 23:40:35.808,1.6051,1.60575,1.00,3.90
2010.09.08 23:40:35.898,1.6051,1.6057,1.00,1.00
2010.09.08 23:40:36.384,1.6051,1.60575,1.00,1.00
2010.09.08 23:40:36.468,1.6051,1.6057,1.00,1.00
2010.09.08 23:40:36.611,1.60505,1.6057,1.00,1.00
2010.09.08 23:40:36.749,1.6051,1.6057,1.00,1.00
2010.09.08 23:40:37.030,1.60505,1.6057,1.00,1.00
2010.09.08 23:40:37.168,1.60505,1.6057,1.00,1.00
2010.09.08 23:40:37.307,1.6051,1.6057,1.00,1.00
2010.09.08 23:40:37.448,1.6051,1.60575,1.00,1.00
2010.09.08 23:40:37.587,1.60505,1.6057,1.00,1.00
2010.09.08 23:40:37.828,1.6051,1.6057,1.00,1.00
2010.09.08 23:40:38.068,1.60505,1.6057,1.00,1.00
2010.09.08 23:40:38.308,1.6051,1.6057,1.00,1.00
2010.09.08 23:40:39.178,1.60505,1.6057,1.00,1.00
2010.09.08 23:40:39.270,1.6051,1.6057,1.00,1.00
2010.09.08 23:40:39.547,1.60505,1.6057,1.00,1.00
2010.09.08 23:40:39.758,1.6051,1.6057,1.00,1.00
2010.09.08 23:40:40.038,1.6051,1.60575,1.00,2.30
2010.09.08 23:40:40.248,1.60505,1.6057,1.00,1.00
2010.09.08 23:40:40.459,1.6051,1.60575,1.00,1.00
2010.09.08 23:40:41.000,1.60505,1.6057,1.00,1.00
2010.09.08 23:40:41.420,1.6051,1.6057,1.00,1.00
2010.09.08 23:40:41.628,1.60505,1.6057,1.00,1.00
2010.09.08 23:40:41.829,1.6051,1.6057,1.00,1.00
2010.09.08 23:40:42.039,1.60505,1.6057,1.00,1.00
2010.09.08 23:40:42.249,1.6051,1.6057,1.00,1.00
2010.09.08 23:40:42.459,1.6051,1.60575,1.00,2.30
2010.09.08 23:40:42.650,1.60505,1.6057,1.00,1.00
2010.09.08 23:40:42.839,1.60505,1.6057,1.00,1.00
2010.09.08 23:40:43.031,1.60505,1.6057,1.00,1.00
2010.09.08 23:40:43.218,1.60505,1.6057,1.00,1.00
2010.09.08 23:40:43.889,1.6051,1.6057,1.00,1.00
2010.09.08 23:40:44.079,1.60505,1.6057,1.00,1.00
2010.09.08 23:40:44.268,1.6051,1.6057,1.00,1.00
2010.09.08 23:40:44.447,1.6051,1.60575,1.00,2.40
2010.09.08 23:40:44.538,1.6051,1.60575,1.00,1.00
2010.09.08 23:40:44.627,1.60505,1.6057,1.00,1.00
2010.09.08 23:40:44.718,1.60505,1.6057,1.00,1.00
2010.09.08 23:40:44.808,1.6051,1.6057,1.00,1.00
2010.09.08 23:40:44.907,1.6051,1.60575,1.00,2.40
2010.09.08 23:40:44.997,1.6051,1.60575,1.00,1.00
2010.09.08 23:40:45.239,1.6051,1.6057,1.00,1.00
2010.09.08 23:40:45.986,1.60515,1.60575,1.00,3.80
2010.09.08 23:40:46.101,1.6051,1.6057,1.00,1.00
2010.09.08 23:40:46.208,1.6051,1.60575,1.00,2.40
2010.09.08 23:40:46.537,1.6051,1.60575,1.00,1.00
2010.09.08 23:40:46.758,1.6051,1.60575,1.00,2.30
2010.09.08 23:40:46.869,1.60515,1.60575,1.00,2.40
2010.09.08 23:40:47.544,1.6051,1.6057,1.00,1.00
2010.09.08 23:40:47.863,1.60515,1.60575,1.00,2.40
2010.09.08 23:40:48.171,1.6051,1.6057,1.00,1.00
2010.09.08 23:40:48.309,1.60515,1.60575,1.00,2.30
2010.09.08 23:40:48.588,1.6051,1.6057,1.00,1.00
2010.09.08 23:40:48.869,1.60515,1.60575,1.00,2.30
2010.09.08 23:40:49.008,1.60515,1.60575,1.00,1.00
2010.09.08 23:40:50.168,1.6051,1.6057,1.00,1.00
2010.09.08 23:40:50.358,1.60515,1.60575,1.00,2.40
2010.09.08 23:40:50.538,1.60515,1.60575,1.00,1.00
2010.09.08 23:40:50.718,1.6051,1.6057,1.00,1.00
2010.09.08 23:40:50.858,1.60515,1.60575,1.00,2.40
2010.09.08 23:40:51.138,1.6051,1.6057,1.00,1.00
2010.09.08 23:40:51.288,1.60515,1.60575,1.00,2.30
2010.09.08 23:40:51.438,1.60515,1.60575,1.00,2.40
2010.09.08 23:40:51.577,1.60515,1.60575,1.00,1.00
2010.09.08 23:40:52.090,1.6051,1.6057,1.00,1.00
2010.09.08 23:40:52.209,1.6051,1.6057,1.00,1.00
2010.09.08 23:40:52.438,1.60515,1.60575,1.00,2.40
2010.09.08 23:40:52.557,1.60515,1.60575,1.00,1.00
2010.09.08 23:40:52.667,1.6051,1.6057,1.00,1.00
2010.09.08 23:40:52.888,1.60515,1.60575,1.00,2.40
2010.09.08 23:40:52.997,1.60515,1.60575,1.00,1.00
2010.09.08 23:40:53.108,1.6051,1.6057,1.00,1.00
2010.09.08 23:40:53.378,1.60515,1.60575,1.00,2.40
2010.09.08 23:40:53.648,1.6051,1.6057,1.00,1.00
2010.09.08 23:40:54.189,1.6051,1.6057,1.00,1.00
2010.09.08 23:40:54.388,1.60515,1.60575,1.00,1.00
2010.09.08 23:40:54.588,1.6051,1.6057,1.00,1.00
2010.09.08 23:40:54.798,1.60515,1.60575,1.00,2.30
2010.09.08 23:40:55.057,1.60515,1.60575,1.00,1.00
2010.09.08 23:40:55.638,1.6051,1.6057,1.00,1.00
2010.09.08 23:40:55.938,1.6051,1.60575,1.00,2.30
2010.09.08 23:40:56.248,1.60515,1.60575,1.00,1.00
2010.09.08 23:40:56.798,1.60515,1.60575,1.00,2.20
2010.09.08 23:40:56.957,1.60515,1.60575,1.00,1.00
2010.09.08 23:40:57.197,1.60515,1.60575,1.00,2.20
2010.09.08 23:40:57.802,1.6052,1.60575,1.00,2.20
2010.09.08 23:40:58.089,1.6052,1.60575,1.00,1.00
2010.09.08 23:40:58.379,1.6052,1.60575,1.00,1.00
2010.09.08 23:40:58.428,1.6052,1.60575,1.00,2.20
2010.09.08 23:40:58.507,1.60515,1.60575,1.00,2.30
2010.09.08 23:40:58.595,1.60515,1.60575,1.00,1.00
2010.09.08 23:40:58.805,1.60515,1.60575,1.00,2.30
2010.09.08 23:40:58.888,1.6052,1.60575,1.00,2.20
2010.09.08 23:40:59.015,1.6052,1.60575,1.00,1.00
2010.09.08 23:40:59.098,1.60515,1.60575,1.00,1.00
2010.09.08 23:40:59.267,1.60515,1.60575,1.00,2.30
2010.09.08 23:41:00.149,1.60515,1.60575,1.00,1.00
2010.09.08 23:41:00.408,1.6052,1.60575,1.00,2.20
2010.09.08 23:41:00.558,1.6052,1.60575,1.00,1.00
2010.09.08 23:41:00.588,1.60515,1.60575,1.00,1.00
2010.09.08 23:41:00.747,1.60515,1.60575,1.00,2.30
2010.09.08 23:41:00.918,1.6052,1.60575,1.00,2.20
2010.09.08 23:41:00.955,1.6052,1.60575,1.00,1.00
2010.09.08 23:41:01.138,1.60515,1.60575,1.00,1.00
2010.09.08 23:41:01.849,1.60515,1.60575,1.00,2.30
2010.09.08 23:41:02.079,1.6052,1.60575,1.00,1.00
2010.09.08 23:41:02.308,1.60515,1.60575,1.00,2.40
2010.09.08 23:41:02.538,1.6052,1.60575,1.00,2.20
2010.09.08 23:41:02.768,1.60515,1.60575,1.00,2.30
2010.09.08 23:41:02.999,1.6052,1.60575,1.00,1.00
2010.09.08 23:41:03.168,1.60515,1.60575,1.00,1.00
2010.09.08 23:41:03.338,1.6052,1.60575,1.00,2.20
2010.09.08 23:41:03.678,1.60515,1.60575,1.00,1.00
2010.09.08 23:41:03.848,1.60515,1.60575,1.00,2.30
2010.09.08 23:41:04.018,1.6052,1.60575,1.00,2.20
2010.09.08 23:41:04.138,1.60515,1.60575,1.00,1.00
2010.09.08 23:41:04.718,1.6052,1.60575,1.00,1.00
2010.09.08 23:41:04.842,1.60515,1.60575,1.00,1.00
2010.09.08 23:41:04.959,1.6052,1.60575,1.00,2.20
2010.09.08 23:41:05.198,1.60515,1.60575,1.00,1.00
2010.09.08 23:41:05.358,1.60515,1.60575,1.00,2.40
2010.09.08 23:41:05.520,1.6052,1.60575,1.00,1.00
2010.09.08 23:41:05.678,1.60515,1.60575,1.00,1.00
2010.09.08 23:41:05.838,1.60515,1.60575,1.00,2.40
2010.09.08 23:41:05.999,1.6052,1.60575,1.00,1.00
2010.09.08 23:41:06.158,1.60515,1.60575,1.00,2.30
2010.09.08 23:41:06.319,1.60515,1.60575,1.00,2.40
2010.09.08 23:41:06.450,1.6052,1.60575,1.00,2.20
2010.09.08 23:41:06.578,1.60515,1.60575,1.00,2.30
2010.09.08 23:41:07.478,1.6052,1.60575,1.00,2.20
2010.09.08 23:41:07.608,1.60515,1.60575,1.00,1.00
2010.09.08 23:41:07.748,1.60515,1.60575,1.00,2.30
2010.09.08 23:41:07.888,1.6052,1.60575,1.00,2.20
2010.09.08 23:41:08.280,1.60515,1.60575,1.00,1.00
2010.09.08 23:41:08.418,1.6052,1.60575,1.00,2.20
2010.09.08 23:41:08.558,1.60515,1.60575,1.00,1.00
2010.09.08 23:41:09.243,1.6052,1.60575,1.00,1.00
2010.09.08 23:41:09.470,1.6052,1.60575,1.00,2.20
2010.09.08 23:41:09.669,1.60515,1.60575,1.00,1.00
2010.09.08 23:41:09.869,1.6052,1.60575,1.00,2.20
2010.09.08 23:41:10.069,1.6052,1.60575,1.00,1.00
2010.09.08 23:41:10.269,1.60515,1.60575,1.00,1.00
2010.09.08 23:41:10.469,1.6052,1.60575,1.00,2.20
2010.09.08 23:41:10.698,1.60515,1.60575,1.00,1.00
2010.09.08 23:41:10.928,1.60515,1.60575,1.00,2.40
2010.09.08 23:41:11.038,1.6052,1.60575,1.00,2.20
2010.09.08 23:41:11.147,1.6052,1.60575,1.00,1.00
2010.09.08 23:41:11.258,1.60515,1.60575,1.00,2.30
2010.09.08 23:41:11.931,1.6052,1.60575,1.00,2.20
2010.09.08 23:41:12.239,1.60515,1.60575,1.00,1.00
2010.09.08 23:41:12.449,1.6052,1.60575,1.00,2.20
2010.09.08 23:41:12.658,1.60515,1.60575,1.00,1.00
2010.09.08 23:41:12.858,1.60515,1.60575,1.00,2.30
2010.09.08 23:41:12.958,1.6052,1.60575,1.00,2.20
2010.09.08 23:41:13.057,1.6052,1.60575,1.00,1.00
2010.09.08 23:41:13.259,1.60515,1.60575,1.00,2.40
2010.09.08 23:41:13.458,1.6052,1.60575,1.00,1.00
2010.09.08 23:41:13.858,1.60515,1.60575,1.00,1.00
2010.09.08 23:41:14.424,1.6052,1.60575,1.00,2.20
2010.09.08 23:41:14.510,1.6052,1.60575,1.00,1.00
2010.09.08 23:41:14.759,1.60515,1.60575,1.00,2.40
2010.09.08 23:41:14.929,1.6052,1.60575,1.00,1.00
2010.09.08 23:41:15.177,1.60515,1.60575,1.00,1.00
2010.09.08 23:41:15.337,1.60515,1.60575,1.00,2.40
2010.09.08 23:41:15.420,1.6052,1.60575,1.00,2.20
2010.09.08 23:41:15.828,1.60515,1.60575,1.00,2.40
2010.09.08 23:41:16.519,1.6052,1.60575,1.00,1.00
2010.09.08 23:41:16.729,1.60515,1.60575,1.00,1.00
2010.09.08 23:41:16.930,1.6052,1.60575,1.00,1.00
2010.09.08 23:41:17.129,1.6052,1.60575,1.00,2.20
2010.09.08 23:41:17.330,1.60515,1.60575,1.00,1.00
2010.09.08 23:41:17.529,1.60515,1.60575,1.00,2.40
2010.09.08 23:41:20.014,1.60515,1.6057,1.00,1.00
2010.09.08 23:41:22.787,1.6052,1.60575,1.00,2.20
2010.09.08 23:41:23.029,1.60515,1.60575,1.00,1.00
2010.09.08 23:41:23.158,1.6052,1.60575,1.00,2.20
2010.09.08 23:41:23.779,1.6052,1.60575,1.00,1.00
2010.09.08 23:41:24.107,1.60515,1.60575,1.00,2.40
2010.09.08 23:41:24.269,1.6052,1.60575,1.00,2.20
2010.09.08 23:41:24.439,1.60515,1.60575,1.00,1.00
2010.09.08 23:41:24.769,1.6052,1.60575,1.00,2.20
2010.09.08 23:41:24.979,1.60515,1.60575,1.00,1.00
2010.09.08 23:41:25.188,1.60515,1.60575,1.00,2.40
2010.09.08 23:41:25.588,1.60515,1.60575,1.00,1.00
2010.09.08 23:41:25.787,1.60515,1.60575,1.00,2.40
2010.09.08 23:41:26.473,1.60515,1.60575,1.00,1.00
2010.09.08 23:41:26.729,1.60515,1.60575,1.00,2.30
2010.09.08 23:41:26.858,1.6051,1.60575,1.00,2.40
2010.09.08 23:41:27.039,1.60515,1.60575,1.00,1.00
2010.09.08 23:41:27.219,1.6051,1.60575,1.00,2.40
2010.09.08 23:41:27.398,1.6051,1.60575,1.00,1.00
2010.09.08 23:41:27.568,1.60515,1.60575,1.00,2.30
2010.09.08 23:41:29.954,1.60515,1.6057,1.00,1.00
2010.09.08 23:41:31.222,1.6052,1.60575,1.00,2.20
2010.09.08 23:41:31.518,1.6052,1.60575,1.00,1.00
2010.09.08 23:41:31.617,1.6052,1.60585,1.00,1.00
2010.09.08 23:41:32.828,1.60525,1.60585,1.00,1.00
2010.09.08 23:41:35.220,1.6053,1.6059,1.00,1.00
2010.09.08 23:41:36.063,1.60525,1.6059,1.00,1.00
2010.09.08 23:41:36.267,1.60525,1.6059,1.00,1.00
2010.09.08 23:41:36.479,1.60525,1.6059,1.00,1.00
2010.09.08 23:41:36.537,1.60525,1.6059,1.00,2.00
2010.09.08 23:41:36.587,1.60525,1.6059,1.00,2.10
2010.09.08 23:41:36.748,1.6053,1.6059,1.00,1.00
2010.09.08 23:41:36.799,1.60525,1.6059,1.00,1.00
2010.09.08 23:41:36.949,1.6053,1.6059,1.00,2.00
2010.09.08 23:41:37.008,1.6053,1.6059,1.00,2.00
2010.09.08 23:41:37.544,1.6053,1.6059,1.00,1.00
2010.09.08 23:41:38.784,1.60535,1.6059,1.00,1.00
2010.09.08 23:41:38.950,1.6053,1.6059,1.00,1.00
2010.09.08 23:41:39.068,1.6053,1.6059,1.00,1.00
2010.09.08 23:41:39.288,1.6053,1.6059,1.00,2.10
2010.09.08 23:41:39.398,1.6053,1.6059,1.00,1.00
2010.09.08 23:41:39.519,1.60525,1.6059,1.00,1.00
2010.09.08 23:41:39.748,1.6053,1.6059,1.00,1.00
2010.09.08 23:41:40.366,1.6053,1.6059,1.00,2.10
2010.09.08 23:41:40.590,1.6053,1.6059,1.00,1.00
2010.09.08 23:41:40.809,1.6053,1.6059,1.00,1.00
2010.09.08 23:41:40.957,1.6053,1.6059,1.00,1.00
2010.09.08 23:41:41.227,1.6053,1.6059,1.00,2.10
2010.09.08 23:41:41.375,1.6053,1.6059,1.00,1.00
2010.09.08 23:41:41.447,1.6053,1.6059,1.00,1.00
2010.09.08 23:41:41.618,1.6053,1.6059,1.00,2.10
2010.09.08 23:41:41.689,1.6053,1.6059,1.00,2.00
2010.09.08 23:41:41.838,1.6053,1.6059,1.00,2.00
2010.09.08 23:41:42.638,1.6053,1.6059,1.00,1.00
2010.09.08 23:41:43.020,1.60535,1.6059,1.00,1.00
2010.09.08 23:42:24.873,1.6054,1.606,1.00,2.10
2010.09.08 23:42:25.322,1.6053,1.606,1.00,2.20
2010.09.08 23:42:25.962,1.60535,1.606,1.00,2.20
2010.09.08 23:42:27.999,1.60535,1.606,1.00,2.10
2010.09.08 23:42:30.421,1.6054,1.606,1.00,2.20
2010.09.08 23:42:30.529,1.6054,1.606,1.00,1.70
2010.09.08 23:42:30.748,1.6054,1.606,1.00,2.20
2010.09.08 23:42:32.178,1.60545,1.606,1.00,2.20
2010.09.08 23:42:38.545,1.60545,1.606,1.00,1.00
2010.09.08 23:42:38.723,1.60545,1.60605,1.00,1.00
2010.09.08 23:42:41.947,1.60545,1.60605,1.00,1.00
2010.09.08 23:42:42.107,1.6055,1.6061,1.00,1.00
2010.09.08 23:42:42.707,1.60545,1.60605,1.00,1.00
2010.09.08 23:42:54.994,1.6054,1.60605,1.70,1.00
2010.09.08 23:42:55.248,1.6054,1.60605,1.70,1.00
2010.09.08 23:42:55.449,1.6054,1.60605,1.00,1.00
2010.09.08 23:42:58.080,1.6054,1.60605,1.00,1.00
2010.09.08 23:43:00.001,1.6054,1.606,1.00,1.00
2010.09.08 23:43:00.280,1.6054,1.60605,1.00,1.00
2010.09.08 23:43:00.739,1.6054,1.60605,1.00,1.00
2010.09.08 23:43:02.042,1.6054,1.60605,1.00,1.00
2010.09.08 23:43:04.021,1.6054,1.60605,1.00,1.00
2010.09.08 23:43:05.009,1.6054,1.60605,1.00,1.00
2010.09.08 23:43:07.920,1.6054,1.60605,1.00,1.00
2010.09.08 23:43:08.911,1.6054,1.606,1.00,1.00
2010.09.08 23:43:09.029,1.6054,1.606,1.00,1.00
2010.09.08 23:43:11.777,1.6054,1.60605,1.00,1.00
2010.09.08 23:43:11.988,1.6054,1.60605,1.60,1.00
2010.09.08 23:43:12.677,1.6055,1.6061,1.00,1.00
2010.09.08 23:43:13.819,1.6055,1.60615,1.00,2.30
2010.09.08 23:43:13.918,1.6055,1.60615,1.00,2.40
2010.09.08 23:43:14.097,1.6055,1.60615,1.00,1.00
2010.09.08 23:43:14.297,1.6055,1.60615,1.00,1.00
2010.09.08 23:43:16.020,1.6055,1.6062,1.00,1.00
2010.09.08 23:43:17.117,1.6055,1.60615,1.00,1.00
2010.09.08 23:43:19.980,1.6055,1.60615,1.00,1.00
2010.09.08 23:43:21.029,1.60555,1.60615,1.00,1.00
2010.09.08 23:43:26.518,1.6056,1.6062,1.00,1.00
2010.09.08 23:43:27.159,1.60555,1.6062,1.00,1.00
2010.09.08 23:43:28.058,1.6056,1.60615,1.00,1.00
2010.09.08 23:43:40.058,1.60565,1.6062,1.00,1.00
2010.09.08 23:43:40.278,1.6056,1.6062,1.00,1.00
2010.09.08 23:43:42.953,1.6056,1.60625,1.00,1.00
2010.09.08 23:43:43.184,1.60555,1.6062,1.60,1.00
2010.09.08 23:43:43.438,1.60545,1.6061,1.00,1.60
2010.09.08 23:43:43.985,1.6053,1.60605,1.60,1.00
2010.09.08 23:43:44.239,1.60515,1.60585,1.00,2.00
2010.09.08 23:43:45.042,1.60515,1.60585,1.00,2.00
2010.09.08 23:43:46.961,1.6052,1.60585,1.00,2.00
2010.09.08 23:43:47.147,1.6052,1.60585,1.00,1.60
2010.09.08 23:43:47.810,1.6052,1.6059,1.00,1.00
2010.09.08 23:43:49.050,1.6052,1.6059,1.00,1.00
2010.09.08 23:43:50.308,1.60525,1.6059,1.00,1.00
2010.09.08 23:43:51.198,1.60525,1.6059,1.00,1.00
2010.09.08 23:43:53.010,1.6052,1.6059,1.00,1.00
2010.09.08 23:43:54.955,1.6053,1.6059,1.00,1.00
2010.09.08 23:43:55.370,1.6053,1.60585,1.00,1.00
2010.09.08 23:43:56.083,1.60525,1.6059,1.00,1.00
2010.09.08 23:43:57.242,1.6053,1.60585,1.00,1.00
2010.09.08 23:43:57.962,1.60525,1.6059,1.00,1.00
2010.09.08 23:43:58.087,1.60525,1.6059,1.00,1.00
2010.09.08 23:43:58.260,1.60525,1.60585,1.00,1.00
2010.09.08 23:44:48.018,1.6051,1.6058,1.60,1.00
2010.09.08 23:44:48.188,1.6051,1.6058,1.00,1.00
2010.09.08 23:45:14.027,1.60515,1.60585,1.00,1.00
2010.09.08 23:45:16.011,1.6052,1.60585,1.00,1.00
2010.09.08 23:45:16.537,1.6052,1.60585,1.00,1.00
2010.09.08 23:45:17.000,1.60515,1.60585,1.00,1.00
2010.09.08 23:45:17.331,1.6052,1.60585,1.00,1.00
2010.09.08 23:45:17.455,1.6052,1.60585,1.70,1.00
2010.09.08 23:45:18.098,1.6052,1.6059,1.70,1.00
2010.09.08 23:45:18.783,1.60525,1.6059,1.00,1.00
2010.09.08 23:45:20.021,1.60525,1.60585,1.00,1.00
2010.09.08 23:45:23.199,1.6053,1.60585,1.00,1.00
2010.09.08 23:46:24.756,1.6052,1.60595,1.60,1.00
2010.09.08 23:46:38.068,1.60535,1.60595,1.00,1.00
2010.09.08 23:46:38.193,1.60535,1.60595,1.00,1.00
2010.09.08 23:46:38.458,1.6053,1.60595,1.00,1.00
2010.09.08 23:46:38.848,1.6053,1.60595,1.00,1.00
2010.09.08 23:46:40.061,1.6053,1.6059,1.00,1.00
2010.09.08 23:46:42.030,1.6053,1.6059,1.00,1.00
2010.09.08 23:46:46.356,1.6053,1.60585,1.00,1.00
2010.09.08 23:47:46.564,1.6052,1.60595,1.60,1.00
2010.09.08 23:47:49.478,1.6053,1.6059,1.00,1.00
2010.09.08 23:47:50.971,1.60535,1.6059,1.00,1.00
2010.09.08 23:47:52.050,1.60535,1.606,1.00,1.00
2010.09.08 23:47:52.228,1.60535,1.606,1.00,1.00
2010.09.08 23:47:52.588,1.60535,1.606,1.60,1.00
2010.09.08 23:47:54.036,1.6054,1.606,1.00,1.00
2010.09.08 23:47:59.030,1.60545,1.606,1.00,1.00
2010.09.08 23:48:03.538,1.6054,1.606,1.00,1.00
2010.09.08 23:48:04.289,1.60545,1.606,1.00,1.00
2010.09.08 23:48:17.897,1.6054,1.60595,1.00,1.00
2010.09.08 23:48:18.050,1.60545,1.606,1.00,1.00
2010.09.08 23:48:21.219,1.6054,1.60595,1.00,1.00
2010.09.08 23:48:22.063,1.60545,1.606,1.00,1.00
2010.09.08 23:48:31.638,1.6054,1.606,1.00,1.00
2010.09.08 23:48:32.377,1.60545,1.606,1.00,1.00
2010.09.08 23:48:34.829,1.6054,1.606,1.00,1.00
2010.09.08 23:48:35.161,1.6054,1.60595,1.00,1.00
2010.09.08 23:48:35.328,1.60545,1.606,1.00,1.00
2010.09.08 23:48:38.213,1.6054,1.60595,1.00,1.00
2010.09.08 23:48:38.318,1.60545,1.606,1.00,1.00
2010.09.08 23:48:41.519,1.6054,1.606,1.00,1.00
2010.09.08 23:48:43.392,1.6054,1.60595,1.00,1.00
2010.09.08 23:48:49.337,1.60535,1.60595,1.70,1.00
2010.09.08 23:48:50.904,1.60535,1.6059,1.60,1.00
2010.09.08 23:48:56.138,1.6054,1.60595,1.00,1.00
2010.09.08 23:48:56.348,1.6054,1.606,1.00,1.00
2010.09.08 23:48:57.426,1.60545,1.606,1.00,1.00
2010.09.08 23:48:57.757,1.6054,1.606,1.00,1.00
2010.09.08 23:48:58.558,1.60545,1.606,1.00,1.00
2010.09.08 23:49:00.759,1.6054,1.606,1.00,1.00
2010.09.08 23:49:02.049,1.6054,1.60595,1.00,1.00
2010.09.08 23:49:03.018,1.60535,1.60595,1.00,1.00
2010.09.08 23:49:04.174,1.6053,1.60595,1.70,1.00
2010.09.08 23:49:04.509,1.6053,1.60595,1.00,1.00
2010.09.08 23:49:05.369,1.6053,1.6059,1.00,1.00
2010.09.08 23:49:05.658,1.6053,1.6059,1.70,1.00
2010.09.08 23:49:05.938,1.6053,1.60585,1.60,1.00
2010.09.08 23:49:06.219,1.6053,1.60585,1.00,1.00
2010.09.08 23:49:06.458,1.6053,1.60585,1.60,1.00
2010.09.08 23:49:08.329,1.6053,1.6058,1.60,1.00
2010.09.08 23:49:08.738,1.6053,1.6059,1.60,1.00
2010.09.08 23:49:08.849,1.6053,1.60595,1.70,1.00
2010.09.08 23:49:09.451,1.60535,1.60595,1.00,1.00
2010.09.08 23:49:10.537,1.6054,1.60595,1.00,1.00
2010.09.08 23:49:28.718,1.6054,1.606,1.00,1.00
2010.09.08 23:49:29.851,1.6054,1.60595,1.00,1.00
2010.09.08 23:49:31.964,1.6053,1.6059,1.60,1.00
2010.09.08 23:49:32.377,1.6053,1.6059,1.00,1.00
2010.09.08 23:49:32.853,1.6053,1.6059,1.00,1.00
2010.09.08 23:49:34.109,1.60525,1.6059,1.00,1.00
2010.09.08 23:49:34.300,1.6053,1.6059,1.00,1.60
2010.09.08 23:49:34.488,1.60525,1.6059,1.00,2.10
2010.09.08 23:49:35.179,1.60525,1.60585,1.00,2.00
2010.09.08 23:49:35.398,1.60525,1.60585,1.00,2.00
2010.09.08 23:49:35.618,1.60525,1.6059,1.00,1.00
2010.09.08 23:49:36.529,1.60525,1.6059,1.00,1.00
2010.09.08 23:49:37.227,1.6053,1.6059,1.00,1.00
2010.09.08 23:49:37.797,1.6053,1.60595,1.00,1.00
2010.09.08 23:49:37.909,1.60535,1.60595,1.00,1.00
2010.09.08 23:49:38.030,1.60535,1.60605,1.00,1.00
2010.09.08 23:49:38.770,1.60535,1.606,1.70,1.00
2010.09.08 23:49:39.481,1.6054,1.60605,1.00,1.00
2010.09.08 23:49:40.517,1.6054,1.60595,1.00,1.00
2010.09.08 23:49:40.778,1.60535,1.60595,1.00,1.00
2010.09.08 23:49:40.919,1.60535,1.60595,1.00,1.00
2010.09.08 23:49:41.948,1.60535,1.60595,1.00,1.00
2010.09.08 23:49:43.350,1.60535,1.60595,1.00,1.00
2010.09.08 23:49:43.519,1.6054,1.606,1.00,1.00
2010.09.08 23:49:43.690,1.60535,1.60605,1.70,1.00
2010.09.08 23:49:44.367,1.6054,1.60605,1.00,1.00
2010.09.08 23:49:46.015,1.60545,1.60605,1.00,1.00
2010.09.08 23:49:47.480,1.6055,1.60605,1.00,1.00
2010.09.08 23:49:54.233,1.60545,1.60605,1.00,1.00
2010.09.08 23:49:54.326,1.60545,1.60605,1.00,1.00
2010.09.08 23:49:56.052,1.60545,1.606,1.00,1.00
2010.09.08 23:50:09.319,1.60545,1.60605,1.00,1.00
2010.09.08 23:50:14.050,1.6055,1.60605,1.00,1.00
2010.09.08 23:50:15.921,1.6054,1.60605,1.60,1.00
2010.09.08 23:50:16.479,1.6054,1.606,1.00,1.00
2010.09.08 23:50:17.631,1.60545,1.60605,1.00,1.00
2010.09.08 23:50:17.997,1.60545,1.60605,1.00,1.00
2010.09.08 23:50:23.453,1.6055,1.60605,1.00,1.00
2010.09.08 23:50:33.523,1.6055,1.60615,1.00,2.60
2010.09.08 23:50:33.618,1.6055,1.60615,1.00,2.40
2010.09.08 23:50:33.979,1.6055,1.60615,1.00,1.00
2010.09.08 23:50:34.854,1.60555,1.60615,1.00,1.00
2010.09.08 23:50:35.349,1.60555,1.6062,1.00,1.00
2010.09.08 23:50:35.509,1.60555,1.6062,1.00,1.00
2010.09.08 23:50:35.668,1.60555,1.6062,1.60,1.00
2010.09.08 23:50:37.172,1.60555,1.6062,1.70,1.00
2010.09.08 23:50:37.981,1.60555,1.6062,1.60,1.00
2010.09.08 23:50:38.920,1.6056,1.6062,1.00,1.00
2010.09.08 23:50:41.293,1.60565,1.6063,1.00,1.70
2010.09.08 23:50:41.609,1.6056,1.60625,2.10,1.00
2010.09.08 23:50:41.839,1.6057,1.6063,1.00,1.60
2010.09.08 23:50:42.069,1.6057,1.60635,1.60,1.00
2010.09.08 23:50:44.156,1.60575,1.60635,1.00,1.00
2010.09.08 23:50:46.025,1.60575,1.60635,1.00,1.00
2010.09.08 23:50:49.104,1.6057,1.6063,1.60,1.00
2010.09.08 23:50:49.130,1.6057,1.60635,1.00,1.60
2010.09.08 23:50:50.022,1.6057,1.6063,1.00,1.00
2010.09.08 23:50:50.938,1.6057,1.60635,1.00,1.70
2010.09.08 23:50:51.182,1.60565,1.60635,1.00,1.70
2010.09.08 23:50:52.129,1.6057,1.6063,1.00,1.00
2010.09.08 23:50:52.550,1.6057,1.60635,1.00,1.60
2010.09.08 23:50:53.214,1.60575,1.60645,1.00,1.00
2010.09.08 23:50:54.019,1.60575,1.6064,1.00,1.00
2010.09.08 23:50:54.309,1.60575,1.6064,1.00,1.70
2010.09.08 23:50:54.913,1.6058,1.6064,1.00,1.60
2010.09.08 23:50:56.249,1.60585,1.6064,1.00,1.60
2010.09.08 23:50:56.351,1.60575,1.6064,1.00,1.60
2010.09.08 23:50:56.450,1.60575,1.60645,1.00,1.00
2010.09.08 23:50:57.360,1.6058,1.60645,1.00,1.00
2010.09.08 23:50:59.679,1.60585,1.6065,1.00,1.60
2010.09.08 23:50:59.891,1.6058,1.60655,1.00,1.00
2010.09.08 23:51:00.369,1.6058,1.6065,1.00,1.00
2010.09.08 23:51:01.319,1.6058,1.6065,1.00,1.60
2010.09.08 23:51:01.949,1.6058,1.6065,1.00,1.00
2010.09.08 23:51:02.119,1.60585,1.6066,1.60,1.00
2010.09.08 23:51:02.671,1.60585,1.6066,1.60,1.00
2010.09.08 23:51:03.013,1.6059,1.60665,1.00,1.60
2010.09.08 23:51:03.349,1.6059,1.60665,1.00,1.60
2010.09.08 23:51:03.598,1.6059,1.60665,1.00,1.60
2010.09.08 23:51:03.838,1.60595,1.60665,1.00,1.60
2010.09.08 23:51:04.639,1.6059,1.60665,1.00,1.70
2010.09.08 23:51:05.361,1.60595,1.60665,1.00,1.60
2010.09.08 23:51:05.506,1.606,1.6067,1.00,1.00
2010.09.08 23:51:07.451,1.606,1.6067,1.00,1.00
2010.09.08 23:51:08.813,1.60595,1.60665,1.00,1.00
2010.09.08 23:51:08.966,1.606,1.60665,1.00,1.00
2010.09.08 23:51:09.181,1.60605,1.6067,1.00,1.00
2010.09.08 23:51:10.982,1.6061,1.6067,1.00,1.00
2010.09.08 23:51:11.275,1.60605,1.60665,1.00,1.00
2010.09.08 23:51:12.820,1.6061,1.6067,1.00,1.00
2010.09.08 23:51:13.028,1.6061,1.60675,1.00,1.00
2010.09.08 23:51:13.128,1.6061,1.60675,1.00,1.00
2010.09.08 23:51:13.951,1.60605,1.60675,1.00,1.00
2010.09.08 23:51:14.635,1.6061,1.60675,1.00,1.00
2010.09.08 23:51:16.539,1.606,1.60665,1.60,1.00
2010.09.08 23:51:16.659,1.60595,1.60645,1.50,1.60
2010.09.08 23:51:16.780,1.60575,1.6064,1.00,1.00
2010.09.08 23:51:16.900,1.60555,1.6062,1.00,1.60
2010.09.08 23:51:17.160,1.60555,1.60625,1.00,1.60
2010.09.08 23:51:18.119,1.6056,1.60625,1.00,1.60
2010.09.08 23:51:19.108,1.60565,1.60625,1.00,1.60
2010.09.08 23:51:19.189,1.60565,1.6063,1.00,1.00
2010.09.08 23:51:19.268,1.6056,1.6063,1.00,1.00
2010.09.08 23:51:20.148,1.6056,1.60635,1.00,1.60
2010.09.08 23:51:21.043,1.60565,1.60635,1.00,1.60
2010.09.08 23:51:24.880,1.6057,1.60635,1.00,1.60
2010.09.08 23:51:24.969,1.60565,1.60635,1.00,1.60
2010.09.08 23:51:25.692,1.6056,1.60635,1.00,1.60
2010.09.08 23:51:26.030,1.6056,1.60635,1.00,2.10
2010.09.08 23:51:26.369,1.6056,1.6063,1.00,1.00
2010.09.08 23:51:27.279,1.60565,1.60635,1.00,2.20
2010.09.08 23:51:28.018,1.60565,1.6063,1.00,1.00
2010.09.08 23:51:29.082,1.60565,1.60635,1.00,2.20
2010.09.08 23:51:29.248,1.6057,1.6063,1.00,1.00
2010.09.08 23:51:29.899,1.6057,1.60635,1.00,2.20
2010.09.08 23:51:30.071,1.60565,1.6063,1.00,1.00
2010.09.08 23:51:30.953,1.6057,1.6063,1.00,1.00
2010.09.08 23:51:31.668,1.6057,1.60635,1.00,2.10
2010.09.08 23:51:32.670,1.6057,1.6063,1.00,1.00
2010.09.08 23:51:33.071,1.6056,1.6063,1.00,1.00
2010.09.08 23:51:33.249,1.6056,1.60625,1.00,1.00
2010.09.08 23:51:33.428,1.6056,1.60625,1.00,1.60
2010.09.08 23:51:34.311,1.6056,1.60625,1.00,1.70
2010.09.08 23:51:34.630,1.6055,1.60625,1.00,1.70
2010.09.08 23:51:35.068,1.6055,1.6062,1.00,1.00
2010.09.08 23:51:35.997,1.60535,1.60605,1.00,2.00
2010.09.08 23:51:36.299,1.60535,1.6061,1.00,1.00
2010.09.08 23:51:36.519,1.60535,1.60605,1.00,1.00
2010.09.08 23:51:36.728,1.60535,1.60605,1.00,1.60
2010.09.08 23:51:36.939,1.60535,1.6061,1.00,1.00
2010.09.08 23:51:38.040,1.60535,1.60605,1.00,1.00
2010.09.08 23:51:39.209,1.60535,1.606,1.00,1.00
2010.09.08 23:51:39.988,1.60535,1.60605,1.00,1.00
2010.09.08 23:51:40.962,1.60535,1.606,1.00,1.00
2010.09.08 23:51:43.272,1.6053,1.606,1.00,1.00
2010.09.08 23:51:46.059,1.6053,1.60595,1.00,1.00
2010.09.08 23:51:47.753,1.60535,1.606,1.00,1.00
2010.09.08 23:51:47.840,1.60535,1.606,1.00,1.00
2010.09.08 23:51:48.996,1.6054,1.606,1.00,1.00
2010.09.08 23:52:00.704,1.6053,1.606,1.00,1.00
2010.09.08 23:52:00.829,1.6053,1.606,1.00,1.70
2010.09.08 23:52:02.000,1.6053,1.60595,1.00,1.00
2010.09.08 23:52:02.363,1.60525,1.60595,1.00,1.00
2010.09.08 23:52:03.452,1.6053,1.606,1.00,2.10
2010.09.08 23:52:03.699,1.6053,1.606,1.00,1.70
2010.09.08 23:52:04.070,1.60525,1.60595,1.00,1.00
2010.09.08 23:52:06.059,1.60525,1.6059,1.00,1.00
2010.09.08 23:52:08.088,1.6053,1.60595,1.00,1.00
2010.09.08 23:52:24.173,1.60525,1.6059,1.00,1.00
2010.09.08 23:52:27.031,1.6052,1.6059,1.00,1.00
2010.09.08 23:52:29.418,1.6052,1.60585,1.00,1.00
2010.09.08 23:52:34.290,1.60525,1.6059,1.00,1.00
2010.09.08 23:52:37.313,1.60525,1.6059,1.00,1.00
2010.09.08 23:52:37.600,1.60525,1.6059,1.00,1.00
2010.09.08 23:52:38.536,1.6053,1.60595,1.00,1.00
2010.09.08 23:52:40.004,1.6053,1.6059,1.00,1.00
2010.09.08 23:52:40.218,1.60525,1.6059,1.00,1.00
2010.09.08 23:52:40.709,1.60525,1.6059,1.00,1.00
2010.09.08 23:52:41.540,1.6052,1.60585,1.00,1.00
2010.09.08 23:52:44.211,1.60525,1.6059,1.00,1.00
2010.09.08 23:52:46.428,1.6052,1.60585,1.00,1.00
2010.09.08 23:52:46.858,1.6052,1.60585,1.00,1.00
2010.09.08 23:52:47.099,1.60525,1.60585,1.00,1.00
2010.09.08 23:52:47.339,1.6052,1.6058,1.00,1.00
2010.09.08 23:52:47.580,1.6052,1.60585,1.00,1.00
2010.09.08 23:52:48.378,1.6052,1.6058,1.00,1.00
2010.09.08 23:52:48.639,1.60515,1.60585,1.00,1.00
2010.09.08 23:52:48.979,1.6052,1.60585,1.00,1.00
2010.09.08 23:52:49.320,1.6052,1.60585,1.00,1.00
2010.09.08 23:52:49.659,1.60515,1.60585,1.00,1.00
2010.09.08 23:52:49.788,1.6052,1.6058,1.00,1.00
2010.09.08 23:52:50.452,1.6052,1.6059,1.00,1.70
2010.09.08 23:52:50.579,1.6052,1.60585,1.00,1.00
2010.09.08 23:52:51.719,1.6052,1.6059,1.00,1.00
2010.09.08 23:52:52.983,1.60525,1.60585,1.00,1.00
2010.09.08 23:53:00.439,1.60515,1.60585,1.00,1.00
2010.09.08 23:53:00.498,1.60515,1.60585,1.00,1.70
2010.09.08 23:53:01.848,1.60515,1.6058,1.00,1.00
2010.09.08 23:53:04.020,1.60515,1.60585,1.00,1.70
2010.09.08 23:53:05.941,1.6052,1.60585,1.00,1.60
2010.09.08 23:53:06.989,1.6052,1.6058,1.00,1.00
2010.09.08 23:53:14.101,1.60515,1.6058,1.60,1.00
2010.09.08 23:53:14.939,1.6052,1.6058,1.00,1.00
2010.09.08 23:53:15.670,1.6052,1.6058,1.00,1.00
2010.09.08 23:53:19.515,1.60525,1.60585,1.00,1.00
2010.09.08 23:53:19.690,1.60525,1.60585,1.00,1.00
2010.09.08 23:53:20.151,1.6052,1.60585,1.00,1.00
2010.09.08 23:53:20.794,1.60525,1.60585,1.00,1.00
2010.09.08 23:53:25.668,1.60525,1.60585,1.00,1.70
2010.09.08 23:53:25.680,1.6052,1.6058,1.00,1.00
2010.09.08 23:53:26.366,1.60525,1.60585,1.00,1.60
2010.09.08 23:53:47.408,1.60525,1.60585,1.00,1.70
2010.09.08 23:53:48.076,1.60525,1.60585,1.00,1.00
2010.09.08 23:53:50.030,1.6052,1.6058,1.00,1.00
2010.09.08 23:53:50.698,1.60525,1.6059,1.00,1.00
2010.09.08 23:53:52.182,1.6053,1.6059,1.00,1.00
2010.09.08 23:54:00.413,1.6052,1.60585,1.00,1.00
2010.09.08 23:54:04.483,1.60525,1.6059,1.00,1.70
2010.09.08 23:54:04.599,1.60525,1.6059,1.00,1.00
2010.09.08 23:54:07.404,1.6052,1.6059,1.00,1.00
2010.09.08 23:54:08.068,1.6052,1.60585,1.00,1.00
2010.09.08 23:54:08.202,1.6052,1.6059,1.00,2.20
2010.09.08 23:54:08.329,1.6052,1.60585,1.00,2.00
2010.09.08 23:54:08.884,1.60515,1.60585,1.00,2.10
2010.09.08 23:54:09.012,1.60515,1.60585,1.00,1.60
2010.09.08 23:54:09.329,1.60515,1.6058,1.00,1.00
2010.09.08 23:54:09.668,1.60515,1.6058,1.00,1.00
2010.09.08 23:54:10.008,1.6052,1.60585,1.00,1.70
2010.09.08 23:54:11.421,1.6052,1.6058,1.00,1.00
2010.09.08 23:54:11.643,1.6053,1.60585,1.00,1.60
2010.09.08 23:54:11.829,1.60535,1.60595,1.60,1.50
2010.09.08 23:54:12.020,1.60525,1.6059,1.50,1.60
2010.09.08 23:54:12.209,1.60525,1.6059,1.00,1.60
2010.09.08 23:54:12.979,1.60525,1.606,1.00,1.70
2010.09.08 23:54:13.233,1.60525,1.60595,1.00,1.00
2010.09.08 23:54:13.613,1.60525,1.606,1.00,1.60
2010.09.08 23:54:14.662,1.6053,1.606,1.00,1.60
2010.09.08 23:54:15.009,1.6053,1.606,1.00,1.60
2010.09.08 23:54:16.070,1.60535,1.60595,1.00,1.00
2010.09.08 23:54:17.027,1.6053,1.60595,1.00,1.00
2010.09.08 23:54:18.050,1.6053,1.60595,1.00,1.00
2010.09.08 23:54:21.020,1.60535,1.6059,1.00,1.00
2010.09.08 23:54:23.820,1.60535,1.60595,1.00,1.00
2010.09.08 23:54:23.941,1.60535,1.60595,1.00,1.00
2010.09.08 23:54:24.980,1.6053,1.60595,1.00,1.00
2010.09.08 23:54:26.032,1.60535,1.6059,1.00,1.00
2010.09.08 23:54:32.593,1.60535,1.60595,1.00,1.00
2010.09.08 23:54:32.731,1.6053,1.6059,1.00,1.00
2010.09.08 23:54:33.620,1.60525,1.6059,1.00,1.00
2010.09.08 23:54:33.959,1.60525,1.60585,1.00,1.00
2010.09.08 23:54:35.249,1.6053,1.6059,1.00,1.00
2010.09.08 23:54:35.756,1.6053,1.6059,1.00,1.00
2010.09.08 23:54:35.866,1.60525,1.6059,1.00,1.00
2010.09.08 23:54:36.269,1.60535,1.60595,1.00,1.00
2010.09.08 23:54:37.252,1.6053,1.6059,1.00,1.00
2010.09.08 23:54:37.590,1.60535,1.6059,1.00,1.00
2010.09.08 23:55:02.901,1.6053,1.6059,1.00,1.70
2010.09.08 23:55:06.329,1.6053,1.60595,1.00,1.00
2010.09.08 23:55:06.357,1.60525,1.6059,1.00,1.00
2010.09.08 23:55:06.929,1.6053,1.60595,1.00,1.00
2010.09.08 23:55:07.660,1.6053,1.6059,1.00,1.00
2010.09.08 23:55:12.042,1.60535,1.6059,1.00,1.00
2010.09.08 23:55:25.913,1.6054,1.60595,1.00,1.00
2010.09.08 23:55:31.109,1.6053,1.6059,1.00,1.00
2010.09.08 23:55:31.249,1.6053,1.6059,1.00,1.70
2010.09.08 23:55:34.339,1.60515,1.60585,1.60,1.00
2010.09.08 23:55:34.479,1.6051,1.6058,1.00,1.00
2010.09.08 23:55:34.619,1.60515,1.6058,1.00,1.00
2010.09.08 23:55:34.758,1.60515,1.60585,1.00,1.60
2010.09.08 23:55:37.027,1.6052,1.60585,1.00,1.60
2010.09.08 23:55:38.639,1.60515,1.60585,1.00,2.00
2010.09.08 23:55:38.896,1.60515,1.60575,1.00,1.60
2010.09.08 23:55:40.036,1.6052,1.60575,1.00,1.60
2010.09.08 23:55:40.259,1.6052,1.60585,1.00,1.60
2010.09.08 23:55:40.738,1.60525,1.60585,1.00,1.60
2010.09.08 23:55:41.378,1.60525,1.6058,1.00,1.60
2010.09.08 23:55:42.437,1.6052,1.6058,1.00,1.60
2010.09.08 23:55:42.902,1.6052,1.6058,1.00,1.60
2010.09.08 23:55:43.990,1.6052,1.6058,1.00,1.70
2010.09.08 23:55:48.558,1.60525,1.6058,1.00,1.60
2010.09.08 23:55:48.687,1.60525,1.6058,1.00,1.70
2010.09.08 23:55:56.079,1.6052,1.60575,1.00,1.00
2010.09.08 23:55:56.480,1.6052,1.6058,1.00,1.60
2010.09.08 23:55:57.357,1.60515,1.6057,1.00,1.60
2010.09.08 23:55:57.551,1.6051,1.6057,1.00,1.70
2010.09.08 23:55:59.408,1.6051,1.60565,1.00,1.00
2010.09.08 23:56:00.780,1.60495,1.60565,1.00,1.00
2010.09.08 23:56:01.962,1.605,1.60565,1.00,1.00
2010.09.08 23:56:02.952,1.605,1.6056,1.00,1.00
2010.09.08 23:56:04.112,1.60505,1.60565,1.00,1.00
2010.09.08 23:56:04.229,1.60505,1.6057,1.00,1.70
2010.09.08 23:56:05.059,1.60505,1.60565,1.00,1.00
2010.09.08 23:56:06.842,1.6051,1.6057,1.00,1.60
2010.09.08 23:56:06.970,1.60495,1.60565,1.60,1.00
2010.09.08 23:56:07.564,1.605,1.6057,1.00,1.60
2010.09.08 23:56:08.322,1.605,1.60565,1.00,1.00
2010.09.08 23:56:09.825,1.605,1.60555,1.00,1.60
2010.09.08 23:56:10.108,1.605,1.60565,1.00,1.00
2010.09.08 23:56:20.839,1.605,1.60555,1.00,1.60
2010.09.08 23:56:21.970,1.60495,1.60555,1.00,1.60
2010.09.08 23:56:24.060,1.60495,1.60555,1.00,1.60
2010.09.08 23:56:24.732,1.605,1.60555,1.00,1.60
2010.09.08 23:56:25.509,1.605,1.60565,1.00,1.00
2010.09.08 23:56:37.932,1.605,1.60565,1.00,1.00
2010.09.08 23:56:38.071,1.605,1.60555,1.00,1.60
2010.09.08 23:56:38.429,1.605,1.60565,1.00,1.00
2010.09.08 23:56:45.183,1.60495,1.60565,1.00,1.00
2010.09.08 23:56:45.240,1.60495,1.60555,1.00,1.60
2010.09.08 23:56:46.570,1.605,1.6057,1.00,1.60
2010.09.08 23:56:46.912,1.60495,1.60565,1.00,1.00
2010.09.08 23:56:48.038,1.605,1.60565,1.00,1.00
2010.09.08 23:57:09.382,1.6049,1.60565,1.00,1.00
2010.09.08 23:57:10.090,1.60465,1.6055,1.00,1.60
2010.09.08 23:57:10.209,1.60465,1.60545,1.00,1.00
2010.09.08 23:57:10.329,1.60465,1.6054,1.00,1.00
2010.09.08 23:57:10.969,1.6047,1.60545,1.00,1.00
2010.09.08 23:57:11.736,1.6047,1.6054,1.00,1.00
2010.09.08 23:57:12.091,1.6047,1.6054,1.00,1.00
2010.09.08 23:57:13.832,1.60475,1.6054,1.60,1.00
2010.09.08 23:57:14.429,1.60475,1.6054,1.60,1.00
2010.09.08 23:57:14.769,1.6047,1.6054,1.00,1.00
2010.09.08 23:57:15.109,1.60475,1.6054,1.00,1.00
2010.09.08 23:57:15.983,1.60475,1.6054,1.00,1.00
2010.09.08 23:57:16.946,1.6047,1.60535,1.00,1.00
2010.09.08 23:57:17.610,1.6047,1.60535,1.00,1.00
2010.09.08 23:57:18.837,1.60475,1.60535,1.00,1.00
2010.09.08 23:57:25.741,1.60475,1.60535,1.00,1.00
2010.09.08 23:57:28.041,1.6048,1.6054,1.00,1.00
2010.09.08 23:57:28.469,1.60475,1.60535,1.00,1.00
2010.09.08 23:57:29.030,1.60465,1.60535,2.30,1.00
2010.09.08 23:57:29.657,1.60465,1.60535,1.00,1.00
2010.09.08 23:57:29.852,1.60465,1.60535,1.00,1.70
2010.09.08 23:57:30.815,1.60465,1.6053,1.00,1.00
2010.09.08 23:57:31.590,1.6047,1.60535,1.00,1.70
2010.09.08 23:57:33.458,1.6047,1.6053,1.00,1.00
2010.09.08 23:57:38.023,1.6047,1.60525,1.00,1.00
2010.09.08 23:57:38.860,1.6047,1.60535,1.00,1.60
2010.09.08 23:57:39.089,1.6047,1.60535,1.00,1.00
2010.09.08 23:57:41.592,1.60465,1.60535,1.00,1.00
2010.09.08 23:57:45.169,1.60465,1.6054,1.00,1.00
2010.09.08 23:57:45.360,1.60465,1.60535,1.00,1.60
2010.09.08 23:57:46.165,1.60465,1.60535,1.00,2.20
2010.09.08 23:57:47.308,1.60465,1.6053,1.00,1.00
2010.09.08 23:57:47.762,1.6046,1.6053,1.00,1.00
2010.09.08 23:57:47.928,1.6045,1.6053,2.10,1.00
2010.09.08 23:57:48.100,1.60445,1.60525,1.00,1.00
2010.09.08 23:57:48.269,1.60445,1.6052,1.00,1.60
2010.09.08 23:57:48.989,1.60445,1.6052,1.00,2.00
2010.09.08 23:57:49.269,1.60445,1.6052,1.00,2.10
2010.09.08 23:57:50.038,1.6045,1.6052,1.00,2.20
2010.09.08 23:57:51.398,1.6045,1.60515,1.00,1.00
2010.09.08 23:57:53.041,1.60445,1.60515,1.00,1.00
2010.09.08 23:57:54.030,1.6045,1.6051,1.00,1.00
2010.09.08 23:57:57.460,1.60445,1.6051,1.00,1.00
2010.09.08 23:57:59.109,1.60445,1.60505,1.00,1.00
2010.09.08 23:58:11.343,1.6045,1.6051,1.00,1.00
2010.09.08 23:58:15.481,1.60445,1.60505,1.00,1.00
2010.09.08 23:58:20.729,1.60455,1.60515,1.00,1.00
2010.09.08 23:58:20.971,1.6045,1.6051,1.60,1.00
2010.09.08 23:58:21.641,1.6045,1.6051,1.00,1.00
2010.09.08 23:58:23.013,1.60445,1.60505,1.00,1.00
2010.09.08 23:58:27.567,1.6045,1.6051,1.00,1.00
2010.09.08 23:58:27.769,1.6045,1.6051,1.00,1.00
2010.09.08 23:58:29.626,1.60455,1.6051,1.00,1.00
2010.09.08 23:58:58.990,1.60455,1.60515,1.00,1.00
2010.09.08 23:59:00.780,1.60465,1.60525,1.00,1.00
2010.09.08 23:59:01.991,1.6046,1.6052,1.60,1.00
2010.09.08 23:59:03.090,1.6046,1.60525,1.60,1.00
2010.09.08 23:59:03.279,1.60465,1.60525,1.00,1.00
2010.09.08 23:59:07.986,1.6047,1.60525,1.00,1.00
2010.09.08 23:59:20.766,1.6046,1.6052,1.00,1.00
2010.09.08 23:59:23.390,1.60465,1.60525,1.00,1.00
2010.09.08 23:59:23.510,1.6047,1.6053,1.00,1.00
2010.09.08 23:59:24.390,1.60465,1.60525,1.00,1.00
2010.09.08 23:59:24.661,1.6046,1.6053,1.00,1.00
2010.09.08 23:59:24.999,1.6046,1.6052,1.00,1.00
2010.09.08 23:59:25.971,1.60465,1.60525,1.00,1.00
2010.09.08 23:59:26.704,1.6048,1.60525,1.60,1.00
2010.09.08 23:59:26.835,1.60465,1.60535,1.60,1.00
2010.09.08 23:59:27.091,1.6047,1.6054,1.00,1.60
2010.09.08 23:59:27.972,1.6047,1.60535,1.00,1.00
2010.09.08 23:59:30.494,1.60475,1.60535,1.00,1.00
2010.09.08 23:59:34.519,1.60475,1.6053,1.00,1.00
2010.09.08 23:59:38.521,1.60475,1.6054,1.00,1.00
2010.09.08 23:59:39.350,1.6048,1.6054,1.00,1.00
2010.09.08 23:59:40.650,1.6047,1.60535,1.60,1.00
2010.09.08 23:59:41.041,1.6047,1.6054,1.00,1.60
2010.09.08 23:59:41.716,1.6047,1.6054,1.00,1.00
2010.09.08 23:59:41.991,1.60465,1.60535,1.00,1.00
2010.09.08 23:59:42.973,1.60465,1.6053,1.00,1.00
2010.09.08 23:59:43.309,1.60465,1.60535,1.00,1.00
2010.09.08 23:59:44.086,1.60465,1.6053,1.00,1.00
2010.09.08 23:59:44.199,1.60465,1.6053,1.00,1.60
2010.09.08 23:59:45.039,1.60465,1.60525,1.00,1.00
2010.09.08 23:59:46.188,1.6046,1.60525,1.00,1.00
2010.09.08 23:59:46.490,1.6046,1.60525,1.00,1.60
2010.09.08 23:59:46.760,1.60465,1.60545,2.10,1.00
2010.09.08 23:59:47.502,1.6047,1.6055,1.00,1.00
2010.09.08 23:59:47.780,1.60475,1.6055,1.00,1.00
2010.09.08 23:59:49.293,1.60475,1.6055,1.00,1.00
2010.09.08 23:59:49.542,1.60475,1.6055,1.00,1.00
2010.09.08 23:59:49.993,1.60475,1.6055,1.00,1.00
2010.09.08 23:59:50.979,1.60475,1.6055,1.00,1.00
2010.09.08 23:59:54.381,1.6048,1.6055,1.00,2.10
2010.09.08 23:59:55.363,1.6048,1.60545,1.00,1.00
2010.09.08 23:59:57.180,1.60475,1.60535,1.00,1.00
2010.09.08 23:59:58.062,1.6048,1.6054,1.00,1.00
