2014.05.20 16:00:00.355,1.83621,1.83644,1.57,1.09
2014.05.20 16:00:01.231,1.83621,1.83648,1.57,1.39
2014.05.20 16:00:01.576,1.83619,1.83638,1.57,1.00
2014.05.20 16:00:02.136,1.83618,1.83644,1.69,1.25
2014.05.20 16:00:02.240,1.83618,1.83638,1.69,1.00
2014.05.20 16:00:02.328,1.83618,1.83643,1.69,1.00
2014.05.20 16:00:02.706,1.83617,1.83643,2.97,1.25
2014.05.20 16:00:03.836,1.83619,1.83644,1.77,1.19
2014.05.20 16:00:04.168,1.83619,1.83644,1.57,1.19
2014.05.20 16:00:04.320,1.83631,1.83656,1.00,2.29
2014.05.20 16:00:04.421,1.83632,1.83656,1.00,1.20
2014.05.20 16:00:04.624,1.83634,1.83657,1.00,1.09
2014.05.20 16:00:04.974,1.83631,1.83657,1.00,1.19
2014.05.20 16:00:05.479,1.83628,1.83654,2.14,1.25
2014.05.20 16:00:05.882,1.83632,1.83658,1.00,1.84
2014.05.20 16:00:06.185,1.83637,1.8366,1.00,2.22
2014.05.20 16:00:06.437,1.83637,1.83659,1.00,1.20
2014.05.20 16:00:06.487,1.83637,1.83663,1.38,1.57
2014.05.20 16:00:06.790,1.83637,1.83663,1.57,1.19
2014.05.20 16:00:07.143,1.83641,1.83666,1.38,1.32
2014.05.20 16:00:07.397,1.83641,1.83666,1.00,1.32
2014.05.20 16:00:08.076,1.83641,1.83667,1.25,2.22
2014.05.20 16:00:08.643,1.83642,1.83667,1.00,2.22
2014.05.20 16:00:09.035,1.83646,1.83667,1.00,1.77
2014.05.20 16:00:09.718,1.83642,1.83668,1.38,2.97
2014.05.20 16:00:10.254,1.83641,1.83668,1.32,1.77
2014.05.20 16:00:11.035,1.83642,1.83668,1.00,1.57
2014.05.20 16:00:11.540,1.83639,1.83664,1.57,1.19
2014.05.20 16:00:12.406,1.83636,1.83664,1.57,1.57
2014.05.20 16:00:13.418,1.83636,1.83664,1.57,1.57
2014.05.20 16:00:13.720,1.83636,1.83659,1.77,1.00
2014.05.20 16:00:13.821,1.83636,1.83666,1.77,1.77
2014.05.20 16:00:13.922,1.83641,1.83668,1.58,2.44
2014.05.20 16:00:14.588,1.83637,1.83668,2.59,1.84
2014.05.20 16:00:15.640,1.83641,1.83668,1.57,1.39
2014.05.20 16:00:18.408,1.83641,1.83669,1.38,1.69
2014.05.20 16:00:18.956,1.83637,1.83664,1.84,1.19
2014.05.20 16:00:19.458,1.83637,1.83664,1.84,1.19
2014.05.20 16:00:20.283,1.83642,1.83667,1.00,1.84
2014.05.20 16:00:20.812,1.83642,1.83667,1.25,1.84
2014.05.20 16:00:21.048,1.83642,1.83665,1.00,1.32
2014.05.20 16:00:21.099,1.83634,1.83659,1.19,1.00
2014.05.20 16:00:21.150,1.83634,1.83659,1.19,1.19
2014.05.20 16:00:21.705,1.83637,1.83661,1.00,1.57
2014.05.20 16:00:21.979,1.83641,1.83666,1.25,1.67
2014.05.20 16:00:22.080,1.83641,1.83669,1.84,2.07
2014.05.20 16:00:22.131,1.83641,1.83669,2.22,1.69
2014.05.20 16:00:22.182,1.83642,1.83669,1.57,1.69
2014.05.20 16:00:22.711,1.83651,1.83672,1.00,1.47
2014.05.20 16:00:22.827,1.83647,1.83672,1.25,1.47
2014.05.20 16:00:23.182,1.83647,1.83673,1.19,2.59
2014.05.20 16:00:23.709,1.83652,1.83674,1.00,1.84
2014.05.20 16:00:24.145,1.83647,1.83673,1.32,1.19
2014.05.20 16:00:24.351,1.83647,1.83673,1.00,2.97
2014.05.20 16:00:24.402,1.8364,1.83673,1.47,1.77
2014.05.20 16:00:24.453,1.83636,1.83666,2.44,1.20
2014.05.20 16:00:24.970,1.83636,1.83667,2.97,1.20
2014.05.20 16:00:25.276,1.83638,1.83667,1.94,1.20
2014.05.20 16:00:25.377,1.83641,1.83671,2.97,1.20
2014.05.20 16:00:25.428,1.83643,1.83673,1.77,1.20
2014.05.20 16:00:26.994,1.83644,1.83674,1.77,1.77
2014.05.20 16:00:27.347,1.83651,1.83674,1.00,1.77
2014.05.20 16:00:27.398,1.83651,1.83678,1.25,2.14
2014.05.20 16:00:27.982,1.83652,1.83671,1.00,1.20
2014.05.20 16:00:28.084,1.83647,1.83668,1.00,1.20
2014.05.20 16:00:28.136,1.83638,1.83668,1.57,1.58
2014.05.20 16:00:28.468,1.83636,1.83664,1.19,1.39
2014.05.20 16:00:28.872,1.83637,1.83664,1.19,1.84
2014.05.20 16:00:29.074,1.83637,1.83663,1.00,1.77
2014.05.20 16:00:29.612,1.83631,1.83661,2.07,2.59
2014.05.20 16:00:30.279,1.83637,1.83661,1.00,2.59
2014.05.20 16:00:30.330,1.83632,1.83661,1.32,1.84
2014.05.20 16:00:31.390,1.83634,1.83662,1.19,2.22
2014.05.20 16:00:32.826,1.83632,1.83658,1.94,1.00
2014.05.20 16:00:33.331,1.83634,1.83658,1.57,1.19
2014.05.20 16:00:36.011,1.83632,1.83658,1.57,1.25
2014.05.20 16:00:37.054,1.83632,1.83658,1.57,1.19
2014.05.20 16:00:39.171,1.83632,1.83658,1.69,1.19
2014.05.20 16:00:40.099,1.83631,1.83659,1.94,1.84
2014.05.20 16:00:40.857,1.8363,1.83654,1.57,1.00
2014.05.20 16:00:41.059,1.83631,1.83658,1.69,1.39
2014.05.20 16:00:41.245,1.83631,1.83659,1.32,1.84
2014.05.20 16:00:41.908,1.83631,1.83659,1.57,1.84
2014.05.20 16:00:42.009,1.83632,1.83658,1.94,1.19
2014.05.20 16:00:42.110,1.83636,1.83663,1.63,1.47
2014.05.20 16:00:42.412,1.83636,1.83664,1.69,2.03
2014.05.20 16:00:42.463,1.83643,1.83664,1.00,2.03
2014.05.20 16:00:42.716,1.83646,1.83672,1.25,1.47
2014.05.20 16:00:43.069,1.83643,1.83664,1.57,1.00
2014.05.20 16:00:43.121,1.83643,1.83664,1.00,1.00
2014.05.20 16:00:43.222,1.83637,1.83664,2.07,1.20
2014.05.20 16:00:43.426,1.83638,1.83663,1.38,1.00
2014.05.20 16:00:43.945,1.83633,1.83663,2.44,1.00
2014.05.20 16:00:44.096,1.8364,1.83663,1.00,1.00
2014.05.20 16:00:45.237,1.83639,1.83664,2.59,1.39
2014.05.20 16:00:45.548,1.83638,1.83664,1.84,1.20
2014.05.20 16:00:45.676,1.83642,1.83664,1.00,1.20
2014.05.20 16:00:45.919,1.83641,1.83666,1.13,1.09
2014.05.20 16:00:46.121,1.83651,1.83666,1.00,1.20
2014.05.20 16:00:46.171,1.83651,1.83671,1.00,1.39
2014.05.20 16:00:46.272,1.83651,1.83672,1.00,1.20
2014.05.20 16:00:46.575,1.83649,1.83672,1.00,1.20
2014.05.20 16:00:46.676,1.83646,1.8367,1.19,1.20
2014.05.20 16:00:47.249,1.83646,1.83671,1.19,1.20
2014.05.20 16:00:47.859,1.83646,1.83671,1.19,1.09
2014.05.20 16:00:48.345,1.83652,1.83672,1.00,1.39
2014.05.20 16:00:48.886,1.83652,1.83672,1.00,1.20
2014.05.20 16:00:49.995,1.83647,1.83669,1.19,1.20
2014.05.20 16:00:50.248,1.83651,1.83674,1.00,1.77
2014.05.20 16:00:50.298,1.83652,1.83674,1.19,1.58
2014.05.20 16:00:50.763,1.83654,1.83675,1.00,1.20
2014.05.20 16:00:51.331,1.83654,1.83677,1.00,1.39
2014.05.20 16:00:51.860,1.83652,1.83678,1.57,1.84
2014.05.20 16:00:53.344,1.83652,1.83678,1.57,1.84
2014.05.20 16:00:53.892,1.83652,1.83678,1.63,1.84
2014.05.20 16:00:54.598,1.83652,1.83678,1.99,1.19
2014.05.20 16:00:55.495,1.83652,1.83679,1.99,1.25
2014.05.20 16:00:56.493,1.83652,1.83679,1.62,2.22
2014.05.20 16:00:56.543,1.83651,1.83679,1.19,2.22
2014.05.20 16:00:56.848,1.83652,1.83675,1.00,1.77
2014.05.20 16:00:57.324,1.83647,1.83671,1.19,1.28
2014.05.20 16:00:57.826,1.83647,1.83669,1.19,1.20
2014.05.20 16:00:58.370,1.83647,1.83669,1.32,1.09
2014.05.20 16:00:59.118,1.83647,1.83672,1.32,1.39
2014.05.20 16:01:00.160,1.83647,1.83672,1.32,1.39
2014.05.20 16:01:01.145,1.83648,1.83677,1.39,1.57
2014.05.20 16:01:02.143,1.83648,1.83678,3.34,1.19
2014.05.20 16:01:03.150,1.83649,1.83677,1.32,1.39
2014.05.20 16:01:04.175,1.83649,1.83678,1.94,1.19
2014.05.20 16:01:04.735,1.83649,1.83678,2.44,1.19
2014.05.20 16:01:05.166,1.83647,1.83668,2.29,1.00
2014.05.20 16:01:05.670,1.83648,1.83668,1.39,1.00
2014.05.20 16:01:06.180,1.83647,1.83669,1.47,1.00
2014.05.20 16:01:06.872,1.83647,1.83669,1.39,1.00
2014.05.20 16:01:07.194,1.83647,1.83674,1.39,1.19
2014.05.20 16:01:08.879,1.83647,1.83673,1.84,1.00
2014.05.20 16:01:10.032,1.83649,1.83673,1.32,1.25
2014.05.20 16:01:10.133,1.83651,1.83673,1.39,1.00
2014.05.20 16:01:10.183,1.83652,1.83678,1.57,1.25
2014.05.20 16:01:10.234,1.83652,1.83678,1.57,1.00
2014.05.20 16:01:10.738,1.83653,1.83679,2.22,1.25
2014.05.20 16:01:11.309,1.83653,1.83678,2.22,1.00
2014.05.20 16:01:12.899,1.83657,1.83683,1.19,2.59
2014.05.20 16:01:14.141,1.83654,1.83678,2.97,1.00
2014.05.20 16:01:16.009,1.83654,1.83679,2.22,1.00
2014.05.20 16:01:16.878,1.83656,1.83678,1.39,1.00
2014.05.20 16:01:17.567,1.83656,1.83679,1.39,1.00
2014.05.20 16:01:18.365,1.83656,1.83679,1.39,1.00
2014.05.20 16:01:18.874,1.83653,1.83678,2.07,1.00
2014.05.20 16:01:19.205,1.83657,1.83673,1.39,1.00
2014.05.20 16:01:19.544,1.83657,1.83673,1.09,1.00
2014.05.20 16:01:20.099,1.83652,1.83678,1.19,2.00
2014.05.20 16:01:20.201,1.83654,1.83678,1.39,1.32
2014.05.20 16:01:20.776,1.83654,1.83678,1.39,1.13
2014.05.20 16:01:21.937,1.83656,1.83679,1.39,1.25
2014.05.20 16:01:23.803,1.83656,1.83679,1.39,1.00
2014.05.20 16:01:25.584,1.83656,1.83678,1.39,1.00
2014.05.20 16:01:26.064,1.83658,1.83678,1.20,1.00
2014.05.20 16:01:26.115,1.83658,1.83673,1.20,1.00
2014.05.20 16:01:26.166,1.83653,1.83673,1.39,1.00
2014.05.20 16:01:26.267,1.8365,1.83673,1.39,1.00
2014.05.20 16:01:26.474,1.8365,1.83674,1.39,1.25
2014.05.20 16:01:26.676,1.83653,1.83678,1.20,1.69
2014.05.20 16:01:27.188,1.83657,1.83678,1.09,1.13
2014.05.20 16:01:28.422,1.83654,1.83678,1.39,1.00
2014.05.20 16:01:29.429,1.83651,1.83678,1.19,1.19
2014.05.20 16:01:29.681,1.83651,1.83679,1.19,1.94
2014.05.20 16:01:29.934,1.83652,1.83678,1.25,1.32
2014.05.20 16:01:30.921,1.83652,1.83678,1.25,1.32
2014.05.20 16:01:32.101,1.83652,1.83678,1.19,1.32
2014.05.20 16:01:32.611,1.83652,1.83677,1.00,1.53
2014.05.20 16:01:33.283,1.83646,1.83674,2.22,1.57
2014.05.20 16:01:33.745,1.83646,1.83674,2.22,1.57
2014.05.20 16:01:38.331,1.83647,1.83674,1.39,1.57
2014.05.20 16:01:39.870,1.83647,1.83673,1.19,1.57
2014.05.20 16:01:41.960,1.83647,1.83673,1.57,1.57
2014.05.20 16:01:42.011,1.83646,1.83668,1.62,1.00
2014.05.20 16:01:42.963,1.83645,1.83668,1.92,1.00
2014.05.20 16:01:43.064,1.83643,1.83668,1.72,1.00
2014.05.20 16:01:43.165,1.83643,1.83668,1.88,1.32
2014.05.20 16:01:43.216,1.83642,1.83668,1.25,1.32
2014.05.20 16:01:47.123,1.83642,1.83668,1.19,1.57
2014.05.20 16:01:47.326,1.83642,1.83668,1.19,1.38
2014.05.20 16:01:47.427,1.83642,1.83672,1.69,1.84
2014.05.20 16:01:48.390,1.83643,1.83674,1.57,1.32
2014.05.20 16:01:49.413,1.83641,1.83673,2.22,1.69
2014.05.20 16:01:50.612,1.83643,1.83676,1.69,3.34
2014.05.20 16:01:50.884,1.83646,1.83676,1.00,2.59
2014.05.20 16:01:51.136,1.83643,1.83676,1.69,3.34
2014.05.20 16:01:51.463,1.83646,1.83672,1.00,1.39
2014.05.20 16:01:51.935,1.83645,1.83673,2.44,1.39
2014.05.20 16:01:52.137,1.83647,1.83676,1.57,1.39
2014.05.20 16:01:54.431,1.83647,1.83676,1.57,1.39
2014.05.20 16:01:55.336,1.83648,1.83677,1.57,1.39
2014.05.20 16:01:56.759,1.83653,1.83683,2.97,1.19
2014.05.20 16:01:57.956,1.83653,1.83679,1.32,1.19
2014.05.20 16:01:59.107,1.8365,1.8368,1.77,1.47
2014.05.20 16:02:00.572,1.83654,1.83684,1.69,2.22
2014.05.20 16:02:03.014,1.83654,1.83685,1.69,2.97
2014.05.20 16:02:03.316,1.83652,1.8368,1.47,1.32
2014.05.20 16:02:05.125,1.83651,1.83683,1.19,2.07
2014.05.20 16:02:05.851,1.83652,1.83679,1.32,1.57
2014.05.20 16:02:06.355,1.8365,1.83679,1.32,1.19
2014.05.20 16:02:07.612,1.83651,1.83681,1.19,1.69
2014.05.20 16:02:08.129,1.83652,1.83681,1.19,1.69
2014.05.20 16:02:08.633,1.8365,1.8368,1.39,1.39
2014.05.20 16:02:09.136,1.8365,1.8368,1.39,1.84
2014.05.20 16:02:10.457,1.83652,1.83681,1.84,1.32
2014.05.20 16:02:11.573,1.83652,1.83681,1.39,1.19
2014.05.20 16:02:12.535,1.83651,1.83681,1.39,1.19
2014.05.20 16:02:13.550,1.83651,1.83681,1.84,1.19
2014.05.20 16:02:14.667,1.83652,1.8368,1.20,1.19
2014.05.20 16:02:14.969,1.83646,1.83675,2.82,1.84
2014.05.20 16:02:15.885,1.83647,1.83673,1.00,1.19
2014.05.20 16:02:16.404,1.83652,1.83673,1.00,1.57
2014.05.20 16:02:16.706,1.83657,1.8368,1.00,1.87
2014.05.20 16:02:16.858,1.83661,1.83681,1.00,1.19
2014.05.20 16:02:16.911,1.83661,1.83685,1.00,1.57
2014.05.20 16:02:17.130,1.83666,1.83685,1.00,1.19
2014.05.20 16:02:18.073,1.83666,1.83687,1.00,2.44
2014.05.20 16:02:18.383,1.83661,1.83686,1.00,2.59
2014.05.20 16:02:18.899,1.83662,1.83687,1.00,3.34
2014.05.20 16:02:19.353,1.83657,1.83684,1.77,1.19
2014.05.20 16:02:19.605,1.83662,1.83686,1.00,2.44
2014.05.20 16:02:19.793,1.83657,1.83684,1.39,1.32
2014.05.20 16:02:20.402,1.83661,1.83684,1.00,1.39
2014.05.20 16:02:20.586,1.83661,1.83684,1.00,1.39
2014.05.20 16:02:20.804,1.83657,1.83683,1.25,1.19
2014.05.20 16:02:21.208,1.83657,1.83683,1.00,2.97
2014.05.20 16:02:21.460,1.83652,1.83678,1.25,1.19
2014.05.20 16:02:22.294,1.83652,1.83678,1.00,1.19
2014.05.20 16:02:24.505,1.83652,1.83678,1.25,1.19
2014.05.20 16:02:26.011,1.83652,1.83678,1.19,1.19
2014.05.20 16:02:27.362,1.83652,1.83678,1.25,1.19
2014.05.20 16:02:27.822,1.83657,1.83679,1.00,1.32
2014.05.20 16:02:29.640,1.83657,1.83679,1.00,1.32
2014.05.20 16:02:30.738,1.83657,1.83681,1.00,1.57
2014.05.20 16:02:31.012,1.83651,1.83679,1.84,1.32
2014.05.20 16:02:31.743,1.83651,1.83679,1.84,1.32
2014.05.20 16:02:33.002,1.83651,1.83679,2.22,1.19
2014.05.20 16:02:33.104,1.83657,1.8368,1.00,1.19
2014.05.20 16:02:33.863,1.83657,1.83682,1.00,1.47
2014.05.20 16:02:34.368,1.83656,1.83682,1.25,1.47
2014.05.20 16:02:35.384,1.83652,1.83678,1.19,1.25
2014.05.20 16:02:36.367,1.83652,1.83678,1.19,1.19
2014.05.20 16:02:37.373,1.83651,1.83679,1.84,1.32
2014.05.20 16:02:39.884,1.83651,1.83679,1.84,1.32
2014.05.20 16:02:40.418,1.83656,1.83681,1.00,1.57
2014.05.20 16:02:40.924,1.83652,1.83678,1.19,1.19
2014.05.20 16:02:41.595,1.83656,1.83682,1.25,2.22
2014.05.20 16:02:43.415,1.83656,1.83684,1.25,3.34
2014.05.20 16:02:44.435,1.83657,1.83683,1.00,1.94
2014.05.20 16:02:45.018,1.83656,1.83684,1.25,3.34
2014.05.20 16:02:45.515,1.83656,1.83684,1.25,2.59
2014.05.20 16:02:46.392,1.83657,1.83683,1.00,1.94
2014.05.20 16:02:46.916,1.83656,1.83684,1.00,2.59
2014.05.20 16:02:47.659,1.83657,1.83683,1.00,1.94
2014.05.20 16:02:48.174,1.83656,1.83682,1.25,2.14
2014.05.20 16:02:49.638,1.83656,1.83682,1.19,2.14
2014.05.20 16:02:50.843,1.83656,1.83682,1.00,2.14
2014.05.20 16:02:52.045,1.83656,1.83682,1.00,2.59
2014.05.20 16:02:52.893,1.83652,1.83678,1.19,1.57
2014.05.20 16:02:53.412,1.83652,1.83678,1.84,1.57
2014.05.20 16:02:53.782,1.83656,1.83682,1.00,1.94
2014.05.20 16:02:54.691,1.83656,1.83684,1.00,3.34
2014.05.20 16:02:55.250,1.83656,1.83681,1.00,1.57
2014.05.20 16:02:55.622,1.83658,1.83683,1.39,1.00
2014.05.20 16:02:56.126,1.83654,1.83684,1.77,2.22
2014.05.20 16:02:57.153,1.83656,1.83684,2.07,1.25
2014.05.20 16:02:57.305,1.83656,1.83679,1.19,1.00
2014.05.20 16:02:57.658,1.83656,1.83684,2.44,1.25
2014.05.20 16:02:58.130,1.83658,1.83683,1.39,1.19
2014.05.20 16:02:58.825,1.83656,1.83678,1.84,1.00
2014.05.20 16:03:00.065,1.83656,1.83679,1.19,1.00
2014.05.20 16:03:01.334,1.83658,1.83683,1.39,2.07
2014.05.20 16:03:03.985,1.83657,1.83682,1.84,1.13
2014.05.20 16:03:04.352,1.83657,1.83683,1.19,1.63
2014.05.20 16:03:04.403,1.83657,1.83683,1.25,1.57
2014.05.20 16:03:05.584,1.83655,1.83679,1.19,1.32
2014.05.20 16:03:07.472,1.83654,1.83679,1.19,1.32
2014.05.20 16:03:09.494,1.83658,1.83679,1.20,1.19
2014.05.20 16:03:09.696,1.83655,1.83679,1.19,1.00
2014.05.20 16:03:10.596,1.83658,1.83679,1.20,1.19
2014.05.20 16:03:10.697,1.83657,1.83679,1.39,1.13
2014.05.20 16:03:11.098,1.83653,1.83678,3.12,1.19
2014.05.20 16:03:12.141,1.83657,1.83683,1.19,2.07
2014.05.20 16:03:13.328,1.83657,1.83682,1.19,1.39
2014.05.20 16:03:14.424,1.83657,1.83683,1.25,1.19
2014.05.20 16:03:17.155,1.83656,1.83682,1.19,1.77
2014.05.20 16:03:17.509,1.83656,1.8368,1.00,1.47
2014.05.20 16:03:18.946,1.83656,1.83684,1.19,2.97
2014.05.20 16:03:20.456,1.83656,1.83684,1.19,2.97
2014.05.20 16:03:21.122,1.83661,1.83684,1.00,2.59
2014.05.20 16:03:21.565,1.83661,1.83684,1.25,1.47
2014.05.20 16:03:22.126,1.83662,1.83685,1.00,1.47
2014.05.20 16:03:23.687,1.83662,1.83685,1.00,1.77
2014.05.20 16:03:24.865,1.83661,1.83686,1.00,2.22
2014.05.20 16:03:25.429,1.83662,1.83686,1.00,2.22
2014.05.20 16:03:26.521,1.83662,1.83685,1.00,1.57
2014.05.20 16:03:27.081,1.83661,1.83683,1.00,1.47
2014.05.20 16:03:28.511,1.83661,1.83683,1.00,1.47
2014.05.20 16:03:29.153,1.83667,1.83685,1.00,1.32
2014.05.20 16:03:29.812,1.83666,1.83684,1.00,1.39
2014.05.20 16:03:30.343,1.83666,1.8369,1.00,1.94
2014.05.20 16:03:31.154,1.83671,1.83692,1.00,1.84
2014.05.20 16:03:31.779,1.83671,1.83692,1.00,1.39
2014.05.20 16:03:32.157,1.83667,1.83692,1.00,1.39
2014.05.20 16:03:32.703,1.83667,1.83693,1.25,2.22
2014.05.20 16:03:35.904,1.83665,1.83694,1.19,2.97
2014.05.20 16:03:36.206,1.83666,1.83692,1.25,2.22
2014.05.20 16:03:36.307,1.83661,1.83688,1.19,1.47
2014.05.20 16:03:36.639,1.83657,1.83684,1.17,1.00
2014.05.20 16:03:37.570,1.83657,1.83684,2.22,1.00
2014.05.20 16:03:39.176,1.83657,1.83684,1.47,1.25
2014.05.20 16:03:40.299,1.83658,1.83684,1.32,1.19
2014.05.20 16:03:40.601,1.83658,1.83679,1.32,1.00
2014.05.20 16:03:40.790,1.83658,1.83684,1.32,1.19
2014.05.20 16:03:40.942,1.83658,1.83678,1.32,1.00
2014.05.20 16:03:41.449,1.83657,1.83678,2.22,1.00
2014.05.20 16:03:41.982,1.83658,1.83679,1.39,1.00
2014.05.20 16:03:42.563,1.83659,1.83684,1.19,1.19
2014.05.20 16:03:42.992,1.83659,1.83684,1.19,1.25
2014.05.20 16:03:43.531,1.83657,1.83683,1.84,1.00
2014.05.20 16:03:45.832,1.83657,1.83683,1.19,1.25
2014.05.20 16:03:45.882,1.83658,1.83678,1.39,1.00
2014.05.20 16:03:46.185,1.83658,1.83678,1.32,1.00
2014.05.20 16:03:46.830,1.83654,1.83678,1.32,1.00
2014.05.20 16:03:47.082,1.8365,1.83674,1.47,1.00
2014.05.20 16:03:47.837,1.83651,1.83677,1.69,1.00
2014.05.20 16:03:48.039,1.83651,1.83679,1.69,1.69
2014.05.20 16:03:48.608,1.83652,1.83678,1.19,1.00
2014.05.20 16:03:51.680,1.83652,1.83678,1.19,1.19
2014.05.20 16:03:53.137,1.83652,1.83678,1.19,1.00
2014.05.20 16:03:53.894,1.83651,1.83679,1.19,1.13
2014.05.20 16:03:53.945,1.83655,1.83679,1.77,1.13
2014.05.20 16:03:54.198,1.83663,1.83689,1.80,1.19
2014.05.20 16:03:54.248,1.83667,1.83693,1.19,1.38
2014.05.20 16:03:54.351,1.83664,1.83688,1.19,1.00
2014.05.20 16:03:54.704,1.83666,1.83694,1.19,2.22
2014.05.20 16:03:54.956,1.83667,1.83689,1.25,1.20
2014.05.20 16:03:55.542,1.83667,1.8369,1.25,1.28
2014.05.20 16:03:56.053,1.83667,1.83693,1.19,2.59
2014.05.20 16:03:56.763,1.83663,1.83688,1.19,1.00
2014.05.20 16:03:57.787,1.83662,1.83688,1.84,1.19
2014.05.20 16:04:00.279,1.83667,1.83693,1.19,2.59
2014.05.20 16:04:00.935,1.83667,1.83693,1.57,1.57
2014.05.20 16:04:01.339,1.83667,1.83692,1.57,1.20
2014.05.20 16:04:01.863,1.83668,1.83693,1.57,1.25
2014.05.20 16:04:02.697,1.83667,1.83693,1.32,1.32
2014.05.20 16:04:03.293,1.83671,1.83694,1.00,1.84
2014.05.20 16:04:03.918,1.83671,1.83694,1.00,1.84
2014.05.20 16:04:04.201,1.83667,1.83693,1.32,1.69
2014.05.20 16:04:05.036,1.83666,1.83693,1.19,2.07
2014.05.20 16:04:07.081,1.83671,1.83693,1.00,1.19
2014.05.20 16:04:09.163,1.83671,1.83694,1.00,1.84
2014.05.20 16:04:11.543,1.83667,1.83693,1.19,1.32
2014.05.20 16:04:12.550,1.83666,1.83693,1.19,1.09
2014.05.20 16:04:12.651,1.83677,1.83697,1.00,2.22
2014.05.20 16:04:13.237,1.83676,1.83697,1.00,1.19
2014.05.20 16:04:13.759,1.83676,1.83697,1.00,1.19
2014.05.20 16:04:13.970,1.83676,1.837,1.00,1.77
2014.05.20 16:04:14.494,1.83677,1.83703,1.25,2.93
2014.05.20 16:04:15.832,1.83677,1.83703,1.19,2.55
2014.05.20 16:04:16.394,1.83677,1.837,1.00,1.84
2014.05.20 16:04:19.571,1.83676,1.837,1.00,1.84
2014.05.20 16:04:20.334,1.83677,1.837,1.00,1.84
2014.05.20 16:04:20.672,1.83677,1.837,1.00,2.59
2014.05.20 16:04:21.288,1.83676,1.837,1.00,2.59
2014.05.20 16:04:21.591,1.83682,1.837,1.00,2.59
2014.05.20 16:04:22.103,1.83682,1.83698,1.00,1.57
2014.05.20 16:04:22.154,1.83682,1.837,1.00,1.77
2014.05.20 16:04:22.356,1.83682,1.837,1.00,1.47
2014.05.20 16:04:22.659,1.83686,1.83705,1.00,1.57
2014.05.20 16:04:22.760,1.83681,1.83701,1.00,1.39
2014.05.20 16:04:23.263,1.83682,1.83705,1.00,1.19
2014.05.20 16:04:23.447,1.83681,1.83706,1.00,1.39
2014.05.20 16:04:25.302,1.83682,1.83707,1.00,1.77
2014.05.20 16:04:25.403,1.83677,1.83704,1.19,1.84
2014.05.20 16:04:25.453,1.83677,1.83702,1.00,1.77
2014.05.20 16:04:25.756,1.83681,1.83704,1.00,1.47
2014.05.20 16:04:25.857,1.83674,1.83703,2.59,1.19
2014.05.20 16:04:27.067,1.83672,1.83702,1.84,1.19
2014.05.20 16:04:28.159,1.83672,1.83698,1.00,1.84
2014.05.20 16:04:32.663,1.83672,1.83696,1.00,1.19
2014.05.20 16:04:33.529,1.83677,1.83696,1.00,1.69
2014.05.20 16:04:34.374,1.83677,1.83697,1.00,1.19
2014.05.20 16:04:35.512,1.83671,1.83698,1.32,1.84
2014.05.20 16:04:35.839,1.83677,1.83698,1.00,1.84
2014.05.20 16:04:35.890,1.83677,1.83698,1.00,1.39
2014.05.20 16:04:36.856,1.83677,1.83697,1.00,1.39
2014.05.20 16:04:37.601,1.83671,1.83693,1.19,1.39
2014.05.20 16:04:39.044,1.83671,1.83694,1.25,1.39
2014.05.20 16:04:39.369,1.83676,1.83695,1.00,1.47
2014.05.20 16:04:39.623,1.83672,1.83693,1.00,1.20
2014.05.20 16:04:40.127,1.83671,1.83694,1.00,1.09
2014.05.20 16:04:40.178,1.83676,1.83694,1.00,1.09
2014.05.20 16:04:41.565,1.83682,1.83694,1.00,1.20
2014.05.20 16:04:42.078,1.83681,1.83695,1.00,1.47
2014.05.20 16:04:42.381,1.83681,1.83695,1.00,1.47
2014.05.20 16:04:42.692,1.83677,1.83695,1.00,1.47
2014.05.20 16:04:43.223,1.83681,1.83695,1.00,1.47
2014.05.20 16:04:43.324,1.83671,1.83694,1.00,1.77
2014.05.20 16:04:43.425,1.83671,1.83686,1.00,1.09
2014.05.20 16:04:43.733,1.83672,1.83684,1.00,1.20
2014.05.20 16:04:44.275,1.83671,1.83685,1.00,1.20
2014.05.20 16:04:44.678,1.83666,1.83684,1.00,1.09
2014.05.20 16:04:44.880,1.83672,1.83684,1.00,1.09
2014.05.20 16:04:45.117,1.83666,1.83683,1.00,1.20
2014.05.20 16:04:45.300,1.83672,1.83682,1.00,1.20
2014.05.20 16:04:45.401,1.83672,1.83686,1.00,2.22
2014.05.20 16:04:45.629,1.83666,1.83686,1.00,2.22
2014.05.20 16:04:46.289,1.83667,1.83684,1.00,1.09
2014.05.20 16:04:46.340,1.83667,1.83684,1.00,1.39
2014.05.20 16:04:46.864,1.83661,1.83683,1.00,1.39
2014.05.20 16:04:47.420,1.83661,1.83688,1.19,1.39
2014.05.20 16:04:49.134,1.83661,1.83688,1.32,1.39
2014.05.20 16:04:49.637,1.83667,1.83683,1.00,1.20
2014.05.20 16:04:50.161,1.83667,1.83682,1.00,1.09
2014.05.20 16:04:50.692,1.83661,1.83682,1.00,1.09
2014.05.20 16:04:51.791,1.83666,1.83683,1.00,1.39
2014.05.20 16:04:54.700,1.83662,1.83688,1.00,1.92
2014.05.20 16:04:55.312,1.83661,1.83688,1.38,1.39
2014.05.20 16:04:55.819,1.83661,1.83688,1.57,1.39
2014.05.20 16:04:57.650,1.83667,1.83688,1.00,1.39
2014.05.20 16:04:58.161,1.83666,1.83687,1.00,1.39
2014.05.20 16:04:58.372,1.83666,1.83688,1.00,1.39
2014.05.20 16:04:59.082,1.83667,1.83691,1.00,2.59
2014.05.20 16:04:59.486,1.83667,1.83691,1.25,1.25
2014.05.20 16:04:59.587,1.83666,1.83697,2.22,1.77
2014.05.20 16:05:00.732,1.83666,1.83694,1.19,2.59
2014.05.20 16:05:01.708,1.83666,1.83691,1.19,1.39
2014.05.20 16:05:02.706,1.83669,1.83696,1.00,1.19
2014.05.20 16:05:03.105,1.83671,1.83696,1.00,1.19
2014.05.20 16:05:03.206,1.83671,1.83697,1.19,1.84
2014.05.20 16:05:04.593,1.83667,1.83693,1.69,1.47
2014.05.20 16:05:05.176,1.83672,1.83693,1.19,1.47
2014.05.20 16:05:05.720,1.83672,1.83696,1.00,2.14
2014.05.20 16:05:06.208,1.83676,1.83696,1.00,1.19
2014.05.20 16:05:06.309,1.83672,1.83696,1.00,1.19
2014.05.20 16:05:06.410,1.83672,1.83696,1.19,1.25
2014.05.20 16:05:06.665,1.83677,1.83696,1.00,1.25
2014.05.20 16:05:06.767,1.83671,1.83699,1.19,2.07
2014.05.20 16:05:08.550,1.83671,1.83699,1.19,1.84
2014.05.20 16:05:08.601,1.83677,1.83699,1.00,1.47
2014.05.20 16:05:09.060,1.83671,1.837,1.19,1.77
2014.05.20 16:05:09.161,1.83676,1.83699,1.00,1.47
2014.05.20 16:05:09.262,1.83671,1.83699,1.19,1.39
2014.05.20 16:05:09.519,1.83676,1.83699,1.00,1.39
2014.05.20 16:05:09.620,1.83672,1.83699,1.19,1.39
2014.05.20 16:05:10.166,1.83677,1.83696,1.00,1.09
2014.05.20 16:05:10.619,1.83671,1.83696,1.19,1.84
2014.05.20 16:05:10.670,1.83671,1.83696,1.19,1.84
2014.05.20 16:05:10.974,1.83677,1.83696,1.00,1.39
2014.05.20 16:05:11.482,1.83677,1.83696,1.00,1.84
2014.05.20 16:05:12.160,1.83677,1.83696,1.00,1.39
2014.05.20 16:05:13.130,1.83676,1.83696,1.00,1.39
2014.05.20 16:05:13.638,1.83676,1.83696,1.00,1.39
2014.05.20 16:05:14.102,1.83672,1.83696,1.00,1.39
2014.05.20 16:05:15.863,1.83676,1.83696,1.00,1.84
2014.05.20 16:05:16.176,1.83676,1.83696,1.00,1.84
2014.05.20 16:05:17.182,1.83676,1.83696,1.00,1.84
2014.05.20 16:05:18.189,1.83676,1.83696,1.00,1.84
2014.05.20 16:05:20.029,1.83676,1.83695,1.00,1.09
2014.05.20 16:05:20.181,1.83682,1.83695,1.00,1.09
2014.05.20 16:05:20.232,1.83682,1.83704,1.00,1.57
2014.05.20 16:05:20.333,1.83682,1.83708,1.00,1.00
2014.05.20 16:05:20.384,1.83687,1.83711,1.00,1.32
2014.05.20 16:05:20.799,1.83691,1.83712,1.00,2.22
2014.05.20 16:05:21.152,1.83697,1.83712,1.00,1.77
2014.05.20 16:05:21.360,1.83692,1.83712,1.00,1.77
2014.05.20 16:05:21.894,1.83691,1.83712,1.00,1.77
2014.05.20 16:05:24.672,1.83691,1.83712,1.00,1.77
2014.05.20 16:05:25.215,1.83692,1.83712,1.00,1.77
2014.05.20 16:05:25.316,1.83697,1.83712,1.00,1.39
2014.05.20 16:05:25.367,1.83697,1.83714,1.00,1.57
2014.05.20 16:05:25.669,1.83692,1.83712,1.00,1.28
2014.05.20 16:05:26.314,1.83691,1.83711,1.00,1.77
2014.05.20 16:05:26.416,1.83687,1.83708,1.00,1.39
2014.05.20 16:05:26.668,1.83692,1.83708,1.00,1.47
2014.05.20 16:05:28.379,1.83691,1.8371,1.00,2.10
2014.05.20 16:05:28.752,1.83691,1.8371,1.00,2.10
2014.05.20 16:05:29.805,1.83691,1.83712,1.00,1.39
2014.05.20 16:05:30.361,1.83692,1.83712,1.00,1.39
2014.05.20 16:05:30.901,1.83691,1.83712,1.00,1.39
2014.05.20 16:05:31.054,1.83687,1.83712,1.00,1.43
2014.05.20 16:05:31.205,1.83686,1.83707,1.25,1.20
2014.05.20 16:05:31.630,1.83686,1.8371,1.25,1.47
2014.05.20 16:05:31.781,1.83686,1.8371,1.25,1.47
2014.05.20 16:05:32.576,1.83692,1.8371,1.00,1.47
2014.05.20 16:05:32.829,1.83686,1.83711,1.25,1.77
2014.05.20 16:05:33.339,1.83691,1.83709,1.00,1.39
2014.05.20 16:05:33.845,1.83692,1.83711,1.00,1.80
2014.05.20 16:05:34.369,1.83692,1.83707,1.00,1.47
2014.05.20 16:05:34.695,1.83692,1.83705,1.00,1.20
2014.05.20 16:05:34.746,1.83687,1.83705,1.00,1.20
2014.05.20 16:05:34.847,1.83692,1.83705,1.00,1.20
2014.05.20 16:05:36.821,1.83691,1.83707,1.00,1.39
2014.05.20 16:05:38.262,1.83691,1.83708,1.00,1.09
2014.05.20 16:05:38.815,1.83691,1.83707,1.00,1.20
2014.05.20 16:05:39.125,1.83687,1.83709,1.00,1.47
2014.05.20 16:05:39.713,1.83686,1.83709,1.00,1.47
2014.05.20 16:05:39.991,1.83692,1.83709,1.00,1.47
2014.05.20 16:05:44.190,1.83691,1.83708,1.00,1.09
2014.05.20 16:05:44.549,1.83691,1.83706,1.00,1.20
2014.05.20 16:05:44.599,1.83691,1.83708,1.00,1.20
2014.05.20 16:05:44.836,1.83696,1.83708,1.00,1.20
2014.05.20 16:05:44.990,1.83696,1.83712,1.00,2.22
2014.05.20 16:05:45.630,1.83697,1.83711,1.00,1.25
2014.05.20 16:05:46.170,1.83691,1.83711,1.00,1.25
2014.05.20 16:05:46.373,1.83692,1.83708,1.00,1.20
2014.05.20 16:05:47.377,1.83691,1.83711,1.00,1.57
2014.05.20 16:05:47.688,1.83691,1.83712,1.00,1.84
2014.05.20 16:05:48.239,1.83697,1.83712,1.00,2.59
2014.05.20 16:05:50.335,1.83692,1.83712,1.00,2.93
2014.05.20 16:05:50.385,1.83692,1.83708,1.00,1.20
2014.05.20 16:05:51.138,1.83697,1.83711,1.00,1.47
2014.05.20 16:05:51.485,1.83697,1.83711,1.00,1.09
2014.05.20 16:05:51.687,1.83691,1.83707,1.00,1.20
2014.05.20 16:05:52.101,1.83696,1.83707,1.00,1.20
2014.05.20 16:05:52.627,1.83696,1.83706,1.00,1.20
2014.05.20 16:05:52.900,1.83696,1.83712,1.00,2.59
2014.05.20 16:05:53.451,1.83697,1.83711,1.00,1.57
2014.05.20 16:05:54.519,1.83692,1.83712,1.00,2.22
2014.05.20 16:05:56.200,1.83692,1.83708,1.00,1.28
2014.05.20 16:06:01.582,1.83692,1.83707,1.00,1.20
2014.05.20 16:06:02.115,1.83691,1.83707,1.00,1.20
2014.05.20 16:06:02.706,1.83691,1.83708,1.00,1.09
2014.05.20 16:06:03.064,1.83697,1.83708,1.00,1.09
2014.05.20 16:06:03.247,1.83697,1.83711,1.00,1.00
2014.05.20 16:06:03.754,1.83696,1.83712,1.00,2.22
2014.05.20 16:06:03.855,1.83697,1.83712,1.00,2.55
2014.05.20 16:06:04.209,1.83691,1.83708,1.00,1.47
2014.05.20 16:06:04.410,1.83687,1.83712,1.19,2.59
2014.05.20 16:06:04.699,1.83682,1.83706,1.57,1.20
2014.05.20 16:06:04.865,1.83681,1.83708,1.19,1.84
2014.05.20 16:06:04.966,1.83681,1.83705,1.00,1.39
2014.05.20 16:06:05.282,1.83679,1.83704,1.38,1.63
2014.05.20 16:06:05.585,1.83682,1.83704,1.00,1.69
2014.05.20 16:06:05.837,1.83673,1.83699,1.77,1.00
2014.05.20 16:06:05.888,1.83673,1.83699,1.20,1.32
2014.05.20 16:06:05.989,1.83671,1.83694,1.00,1.39
2014.05.20 16:06:06.291,1.83676,1.83697,1.00,1.19
2014.05.20 16:06:06.801,1.83677,1.83699,1.00,1.19
2014.05.20 16:06:07.356,1.83676,1.83699,1.00,1.19
2014.05.20 16:06:07.859,1.83676,1.83701,1.00,1.19
2014.05.20 16:06:07.910,1.83678,1.83701,1.20,1.19
2014.05.20 16:06:08.445,1.83678,1.83706,1.84,2.07
2014.05.20 16:06:08.951,1.83676,1.83703,1.19,2.59
2014.05.20 16:06:09.304,1.83676,1.83703,1.19,1.39
2014.05.20 16:06:09.355,1.83686,1.83703,1.00,1.39
2014.05.20 16:06:09.662,1.83676,1.837,1.19,1.20
2014.05.20 16:06:10.349,1.83676,1.83701,1.19,1.00
2014.05.20 16:06:10.881,1.83676,1.83701,1.19,1.25
2014.05.20 16:06:11.681,1.83676,1.83701,1.19,1.19
2014.05.20 16:06:12.079,1.83687,1.83702,1.00,1.39
2014.05.20 16:06:12.130,1.83687,1.83702,1.00,1.20
2014.05.20 16:06:12.281,1.83692,1.83709,1.00,1.19
2014.05.20 16:06:12.646,1.83697,1.83709,1.00,1.19
2014.05.20 16:06:13.692,1.83697,1.8371,1.00,1.32
2014.05.20 16:06:14.966,1.83692,1.83707,1.00,1.39
2014.05.20 16:06:15.910,1.83686,1.83707,1.00,1.39
2014.05.20 16:06:16.174,1.83691,1.83707,1.00,1.39
2014.05.20 16:06:16.728,1.83687,1.83707,1.00,1.39
2014.05.20 16:06:17.017,1.83691,1.83707,1.00,1.39
2014.05.20 16:06:17.775,1.83691,1.83707,1.00,1.39
2014.05.20 16:06:18.142,1.83686,1.83706,1.00,1.19
2014.05.20 16:06:18.545,1.83687,1.83703,1.00,1.19
2014.05.20 16:06:18.848,1.83687,1.83701,1.00,2.22
2014.05.20 16:06:19.580,1.83687,1.83701,1.00,1.19
2014.05.20 16:06:21.550,1.83687,1.83702,1.00,1.39
2014.05.20 16:06:22.803,1.83681,1.83702,1.00,1.47
2014.05.20 16:06:23.263,1.83681,1.83703,1.00,1.19
2014.05.20 16:06:23.314,1.83687,1.83703,1.00,1.19
2014.05.20 16:06:23.860,1.83686,1.83706,1.00,1.84
2014.05.20 16:06:25.104,1.83687,1.83706,1.00,1.84
2014.05.20 16:06:26.483,1.83687,1.83706,1.00,1.84
2014.05.20 16:06:28.490,1.83687,1.83706,1.00,1.84
2014.05.20 16:06:29.480,1.83687,1.83706,1.00,1.84
2014.05.20 16:06:29.912,1.83687,1.83698,1.00,1.20
2014.05.20 16:06:30.164,1.83672,1.83696,1.00,1.77
2014.05.20 16:06:31.149,1.83672,1.83696,1.00,2.14
2014.05.20 16:06:31.199,1.83672,1.83695,1.00,1.94
2014.05.20 16:06:32.199,1.83672,1.83693,1.00,1.57
2014.05.20 16:06:34.116,1.83681,1.83698,1.00,1.20
2014.05.20 16:06:34.318,1.83682,1.83705,1.00,1.57
2014.05.20 16:06:36.244,1.83682,1.83709,1.00,1.19
2014.05.20 16:06:37.074,1.83687,1.83709,1.00,1.19
2014.05.20 16:06:37.309,1.83681,1.83709,2.59,1.19
2014.05.20 16:06:42.446,1.83681,1.83709,2.59,1.19
2014.05.20 16:06:45.747,1.83682,1.83711,1.19,1.94
2014.05.20 16:06:46.948,1.83682,1.83711,1.19,1.94
2014.05.20 16:06:48.457,1.83681,1.83713,3.34,2.97
2014.05.20 16:06:50.698,1.83682,1.83712,1.19,1.19
2014.05.20 16:06:53.493,1.83682,1.83712,1.39,1.84
2014.05.20 16:06:54.989,1.83685,1.83712,1.19,1.84
2014.05.20 16:06:58.343,1.83685,1.83712,1.19,1.47
2014.05.20 16:07:00.240,1.83687,1.83713,1.00,1.47
2014.05.20 16:07:01.616,1.83687,1.83713,1.25,1.47
2014.05.20 16:07:02.924,1.83687,1.83713,1.25,1.47
2014.05.20 16:07:03.927,1.83687,1.83713,1.19,1.47
2014.05.20 16:07:04.961,1.83687,1.83713,1.00,1.47
2014.05.20 16:07:06.363,1.83687,1.83713,1.19,1.47
2014.05.20 16:07:08.495,1.83687,1.83713,1.19,1.47
2014.05.20 16:07:10.583,1.83687,1.83716,1.25,3.72
2014.05.20 16:07:10.684,1.83687,1.83711,1.00,1.39
2014.05.20 16:07:11.199,1.83686,1.83709,1.00,1.09
2014.05.20 16:07:11.668,1.83686,1.83709,1.25,1.39
2014.05.20 16:07:14.174,1.83686,1.83712,1.00,2.67
2014.05.20 16:07:15.510,1.83686,1.83712,1.19,2.67
2014.05.20 16:07:19.193,1.83686,1.83712,1.19,2.67
2014.05.20 16:07:21.000,1.83686,1.83712,1.19,3.04
2014.05.20 16:07:21.104,1.83686,1.83712,1.00,3.79
2014.05.20 16:07:22.385,1.83687,1.83712,1.00,3.38
2014.05.20 16:07:24.817,1.83687,1.83711,1.19,2.29
2014.05.20 16:07:26.441,1.83687,1.83711,1.25,2.29
2014.05.20 16:07:27.352,1.83687,1.83711,1.19,1.57
2014.05.20 16:07:27.554,1.83687,1.83711,1.00,2.03
2014.05.20 16:07:27.655,1.83681,1.83709,1.32,1.28
2014.05.20 16:07:27.858,1.83681,1.83706,1.00,1.47
2014.05.20 16:07:28.614,1.83677,1.83703,1.19,1.39
2014.05.20 16:07:28.919,1.83679,1.83707,1.57,2.14
2014.05.20 16:07:29.982,1.83677,1.83707,3.34,1.39
2014.05.20 16:07:30.957,1.8368,1.8371,1.47,1.77
2014.05.20 16:07:32.652,1.8368,1.8371,2.22,1.77
2014.05.20 16:07:38.388,1.83681,1.83707,1.32,1.09
2014.05.20 16:07:38.920,1.83681,1.83708,1.19,2.14
2014.05.20 16:07:39.377,1.83676,1.83708,3.34,2.14
2014.05.20 16:07:40.711,1.83677,1.83707,1.19,1.84
2014.05.20 16:07:41.706,1.83677,1.83704,1.57,1.47
2014.05.20 16:07:42.119,1.83676,1.83704,1.19,2.22
2014.05.20 16:07:42.422,1.83677,1.83695,1.00,1.09
2014.05.20 16:07:42.625,1.83672,1.83695,1.00,1.77
2014.05.20 16:07:42.725,1.83672,1.83691,1.00,1.39
2014.05.20 16:07:42.826,1.83662,1.83691,1.94,1.39
2014.05.20 16:07:43.078,1.83662,1.83686,1.32,1.58
2014.05.20 16:07:43.638,1.83662,1.83686,1.32,1.77
2014.05.20 16:07:44.720,1.83661,1.83686,1.57,1.47
2014.05.20 16:07:45.247,1.83661,1.83686,1.57,1.09
2014.05.20 16:07:45.780,1.83661,1.83686,1.57,1.39
2014.05.20 16:07:47.820,1.83661,1.83686,1.57,1.09
2014.05.20 16:07:48.158,1.83667,1.83686,1.00,1.09
2014.05.20 16:07:50.172,1.83667,1.83686,1.00,1.39
2014.05.20 16:07:50.387,1.83661,1.83686,1.57,1.39
2014.05.20 16:07:51.280,1.83661,1.83686,1.57,1.09
2014.05.20 16:07:54.172,1.83661,1.83686,1.57,1.20
2014.05.20 16:07:55.271,1.83661,1.83686,1.57,1.20
2014.05.20 16:07:57.110,1.83667,1.83686,1.00,1.20
2014.05.20 16:07:58.213,1.83666,1.83686,1.00,1.20
2014.05.20 16:07:59.627,1.83661,1.83686,1.32,1.20
2014.05.20 16:07:59.915,1.83666,1.83684,1.00,1.20
2014.05.20 16:08:00.544,1.83666,1.83687,1.00,1.39
2014.05.20 16:08:00.645,1.83662,1.83687,1.19,1.39
2014.05.20 16:08:00.840,1.83666,1.83684,1.00,1.20
2014.05.20 16:08:02.448,1.83666,1.83687,1.00,1.39
2014.05.20 16:08:03.071,1.83667,1.83687,1.00,1.39
2014.05.20 16:08:03.666,1.83667,1.83687,1.00,1.20
2014.05.20 16:08:06.566,1.83667,1.83687,1.00,1.39
2014.05.20 16:08:07.356,1.83661,1.83687,1.19,1.39
2014.05.20 16:08:07.907,1.83661,1.83685,1.19,1.20
2014.05.20 16:08:08.476,1.83661,1.83685,1.19,1.20
2014.05.20 16:08:08.897,1.83667,1.83686,1.00,1.09
2014.05.20 16:08:09.419,1.83661,1.83685,1.19,1.20
2014.05.20 16:08:10.926,1.83661,1.83685,1.19,1.09
2014.05.20 16:08:11.438,1.83661,1.83684,1.19,1.20
2014.05.20 16:08:12.527,1.83661,1.83686,1.19,1.09
2014.05.20 16:08:13.239,1.83661,1.83686,1.19,1.20
2014.05.20 16:08:14.677,1.83661,1.83684,1.19,1.20
2014.05.20 16:08:14.897,1.83661,1.83686,1.19,1.20
2014.05.20 16:08:15.714,1.83663,1.8369,1.19,1.09
2014.05.20 16:08:17.926,1.83662,1.8369,1.69,1.09
2014.05.20 16:08:19.198,1.83661,1.83689,2.07,1.20
2014.05.20 16:08:20.238,1.83661,1.83689,1.19,1.39
2014.05.20 16:08:21.346,1.83662,1.83689,1.19,1.39
2014.05.20 16:08:23.157,1.83659,1.83685,1.57,1.20
2014.05.20 16:08:23.744,1.83662,1.83687,1.19,1.09
2014.05.20 16:08:25.664,1.83662,1.83687,1.25,1.20
2014.05.20 16:08:27.101,1.83662,1.83687,1.19,1.09
2014.05.20 16:08:28.275,1.83662,1.83687,1.19,1.20
2014.05.20 16:08:29.428,1.83662,1.83684,1.19,1.20
2014.05.20 16:08:29.808,1.83662,1.83687,1.19,1.39
2014.05.20 16:08:31.186,1.83662,1.83687,1.19,1.09
2014.05.20 16:08:32.191,1.83662,1.83687,1.19,1.09
2014.05.20 16:08:33.704,1.83662,1.83689,1.19,1.09
2014.05.20 16:08:35.377,1.83666,1.83689,1.00,1.09
2014.05.20 16:08:35.879,1.83667,1.83689,1.00,1.09
2014.05.20 16:08:36.442,1.83667,1.83691,1.25,1.39
2014.05.20 16:08:37.419,1.83662,1.83687,1.57,1.20
2014.05.20 16:08:37.936,1.83661,1.8369,1.57,1.39
2014.05.20 16:08:38.659,1.83661,1.8369,1.57,1.09
2014.05.20 16:08:39.326,1.83667,1.8369,1.00,1.09
2014.05.20 16:08:40.333,1.83662,1.8369,1.19,1.09
2014.05.20 16:08:40.383,1.83662,1.83687,1.19,1.20
2014.05.20 16:08:40.736,1.83666,1.83691,1.19,1.84
2014.05.20 16:08:41.470,1.83667,1.83693,1.19,1.65
2014.05.20 16:08:41.722,1.83667,1.8369,1.19,1.20
2014.05.20 16:08:47.964,1.83666,1.8369,1.19,1.39
2014.05.20 16:08:48.406,1.83667,1.83691,1.19,1.09
2014.05.20 16:08:48.797,1.83671,1.83691,1.00,1.09
2014.05.20 16:08:49.247,1.83667,1.83691,1.19,1.09
2014.05.20 16:08:49.905,1.83667,1.83691,1.19,1.39
2014.05.20 16:08:51.085,1.83667,1.83692,1.19,1.20
2014.05.20 16:08:51.287,1.83671,1.83695,1.00,1.47
2014.05.20 16:08:51.819,1.83666,1.83695,1.19,1.47
2014.05.20 16:08:51.870,1.83672,1.83695,1.00,1.47
2014.05.20 16:08:52.086,1.83666,1.83695,1.19,1.47
2014.05.20 16:08:52.187,1.83666,1.83694,1.19,1.39
2014.05.20 16:08:53.836,1.83666,1.83692,1.19,1.20
2014.05.20 16:08:55.267,1.83666,1.83694,1.19,1.39
2014.05.20 16:08:55.588,1.83667,1.83692,1.19,1.39
2014.05.20 16:08:56.611,1.83667,1.83692,1.19,1.39
2014.05.20 16:08:58.317,1.83667,1.83692,1.19,1.20
2014.05.20 16:08:59.322,1.83667,1.83692,1.19,1.20
2014.05.20 16:09:00.226,1.83667,1.83692,1.57,1.20
2014.05.20 16:09:01.433,1.83667,1.83692,1.57,1.09
2014.05.20 16:09:02.245,1.83667,1.83691,1.57,1.20
2014.05.20 16:09:03.422,1.83667,1.83694,1.19,1.39
2014.05.20 16:09:04.345,1.83666,1.83694,1.32,1.39
2014.05.20 16:09:05.655,1.83666,1.83691,1.32,1.09
2014.05.20 16:09:09.346,1.83666,1.83693,1.32,1.09
2014.05.20 16:09:10.081,1.83666,1.83693,2.07,1.39
2014.05.20 16:09:10.883,1.83666,1.83693,1.32,1.39
2014.05.20 16:09:12.038,1.83666,1.83693,1.19,1.09
2014.05.20 16:09:12.645,1.83666,1.83692,1.19,1.20
2014.05.20 16:09:13.187,1.83667,1.83696,1.19,1.47
2014.05.20 16:09:13.439,1.83667,1.83691,1.32,1.20
2014.05.20 16:09:13.792,1.83666,1.83693,1.19,1.09
2014.05.20 16:09:13.893,1.83666,1.8369,1.19,1.20
2014.05.20 16:09:14.014,1.83666,1.83692,1.19,1.20
2014.05.20 16:09:14.557,1.83667,1.83693,1.19,1.39
2014.05.20 16:09:15.946,1.83666,1.83696,2.44,1.39
2014.05.20 16:09:17.423,1.83667,1.83696,1.69,1.39
2014.05.20 16:09:18.405,1.83667,1.83693,1.69,1.20
2014.05.20 16:09:18.965,1.83668,1.83693,1.19,1.20
2014.05.20 16:09:19.838,1.83668,1.83691,1.19,1.20
2014.05.20 16:09:19.990,1.83668,1.83691,1.25,1.39
2014.05.20 16:09:21.632,1.83667,1.83691,1.19,1.20
2014.05.20 16:09:22.791,1.83667,1.83691,1.25,1.20
2014.05.20 16:09:23.097,1.83664,1.83691,1.43,1.09
2014.05.20 16:09:23.148,1.83666,1.83684,1.00,1.20
2014.05.20 16:09:23.249,1.83666,1.83688,1.00,1.39
2014.05.20 16:09:24.330,1.83666,1.83688,1.00,1.39
2014.05.20 16:09:24.880,1.83667,1.83691,1.00,1.39
2014.05.20 16:09:25.411,1.83666,1.83689,1.00,1.39
2014.05.20 16:09:25.935,1.83666,1.83689,1.00,1.39
2014.05.20 16:09:26.545,1.83661,1.83689,1.69,1.84
2014.05.20 16:09:26.647,1.83662,1.83689,2.44,1.09
2014.05.20 16:09:26.950,1.83666,1.83685,1.19,1.20
2014.05.20 16:09:27.626,1.83667,1.83685,1.25,1.20
2014.05.20 16:09:28.568,1.83666,1.83692,1.32,1.39
2014.05.20 16:09:28.872,1.83663,1.83692,1.94,1.39
2014.05.20 16:09:29.087,1.83671,1.83692,1.00,1.39
2014.05.20 16:09:29.440,1.83668,1.8369,1.25,1.20
2014.05.20 16:09:29.894,1.83666,1.83686,1.32,1.20
2014.05.20 16:09:30.400,1.83666,1.83687,1.19,1.20
2014.05.20 16:09:30.933,1.83666,1.83688,1.19,1.09
2014.05.20 16:09:31.447,1.83663,1.83692,1.19,1.39
2014.05.20 16:09:33.142,1.83667,1.83693,1.19,1.39
2014.05.20 16:09:34.589,1.83667,1.83694,1.57,1.84
2014.05.20 16:09:35.856,1.83669,1.83694,1.19,1.84
2014.05.20 16:09:37.371,1.83669,1.83684,1.19,1.20
2014.05.20 16:09:37.474,1.83667,1.8369,1.57,1.20
2014.05.20 16:09:38.373,1.83667,1.8369,1.57,1.39
2014.05.20 16:09:39.919,1.83667,1.83692,1.94,1.20
2014.05.20 16:09:40.987,1.83666,1.83692,2.44,1.20
2014.05.20 16:09:41.676,1.83667,1.83695,1.94,1.19
2014.05.20 16:09:41.980,1.83672,1.837,1.69,1.39
2014.05.20 16:09:42.906,1.83672,1.83698,1.69,1.20
2014.05.20 16:09:43.454,1.83671,1.83699,1.69,1.09
2014.05.20 16:09:43.757,1.83672,1.83695,1.19,1.20
2014.05.20 16:09:44.344,1.83672,1.83694,1.19,1.20
2014.05.20 16:09:46.354,1.83676,1.83694,1.00,1.20
2014.05.20 16:09:46.676,1.83676,1.83699,1.25,1.09
2014.05.20 16:09:46.777,1.83676,1.83695,1.25,1.20
2014.05.20 16:09:46.879,1.83676,1.83699,1.25,1.09
2014.05.20 16:09:47.135,1.83671,1.83699,1.57,1.39
2014.05.20 16:09:47.715,1.83671,1.83694,1.19,1.20
2014.05.20 16:09:50.053,1.83672,1.83694,1.19,1.20
2014.05.20 16:09:51.160,1.83672,1.83694,1.19,1.20
2014.05.20 16:09:55.880,1.83672,1.83694,1.19,1.39
2014.05.20 16:09:58.188,1.83667,1.83694,1.69,1.09
2014.05.20 16:09:58.768,1.83671,1.83695,1.69,1.20
2014.05.20 16:09:59.332,1.83671,1.83696,1.32,1.20
2014.05.20 16:10:00.200,1.8367,1.83695,1.32,1.20
2014.05.20 16:10:00.653,1.83666,1.83692,1.92,1.20
2014.05.20 16:10:01.176,1.83666,1.83694,1.69,1.84
2014.05.20 16:10:01.682,1.83671,1.83692,1.25,1.20
2014.05.20 16:10:01.935,1.83671,1.83695,1.57,1.39
2014.05.20 16:10:02.439,1.83672,1.83695,1.63,1.39
2014.05.20 16:10:02.837,1.83672,1.83695,1.57,1.20
2014.05.20 16:10:04.106,1.83672,1.83697,1.57,1.39
2014.05.20 16:10:04.435,1.8367,1.83694,1.69,1.20
2014.05.20 16:10:04.542,1.8367,1.83694,1.19,1.09
2014.05.20 16:10:05.541,1.83668,1.83697,1.02,1.39
2014.05.20 16:10:06.904,1.83668,1.83697,1.92,1.39
2014.05.20 16:10:08.043,1.83668,1.83697,1.69,1.39
2014.05.20 16:10:09.416,1.83667,1.83697,1.17,1.39
2014.05.20 16:10:11.523,1.83667,1.83697,2.67,1.39
2014.05.20 16:10:12.668,1.83667,1.83695,2.24,1.39
2014.05.20 16:10:13.101,1.83667,1.83691,1.94,1.20
2014.05.20 16:10:13.252,1.83667,1.83694,1.94,1.09
2014.05.20 16:10:13.872,1.83666,1.83689,2.00,1.20
2014.05.20 16:10:13.973,1.83666,1.83689,1.32,1.20
2014.05.20 16:10:14.024,1.83666,1.83691,1.32,1.20
2014.05.20 16:10:14.859,1.83666,1.83691,1.69,1.09
2014.05.20 16:10:16.147,1.83666,1.83693,1.32,1.39
2014.05.20 16:10:20.915,1.83667,1.83693,1.57,1.84
2014.05.20 16:10:21.888,1.83667,1.83693,1.94,1.20
2014.05.20 16:10:22.541,1.83667,1.83694,1.94,1.20
2014.05.20 16:10:22.872,1.83668,1.83694,1.94,1.20
2014.05.20 16:10:27.494,1.83669,1.83694,1.69,1.20
2014.05.20 16:10:27.646,1.83669,1.83696,1.94,1.20
2014.05.20 16:10:28.621,1.83671,1.83696,1.94,1.20
2014.05.20 16:10:28.846,1.83671,1.83698,1.94,1.20
2014.05.20 16:10:29.614,1.83671,1.83698,1.57,1.09
2014.05.20 16:10:29.966,1.83671,1.83695,1.32,1.20
2014.05.20 16:10:30.129,1.83667,1.83695,2.04,1.09
2014.05.20 16:10:31.711,1.83667,1.83695,2.14,1.39
2014.05.20 16:10:33.954,1.83668,1.837,2.44,2.22
2014.05.20 16:10:34.928,1.83669,1.83697,2.04,1.09
2014.05.20 16:10:36.046,1.83669,1.83697,1.02,1.39
2014.05.20 16:10:36.147,1.8367,1.83694,1.19,1.20
2014.05.20 16:10:40.040,1.8367,1.83694,1.19,1.09
2014.05.20 16:10:44.617,1.83666,1.83693,2.44,1.20
2014.05.20 16:10:45.122,1.83666,1.83692,1.69,1.20
2014.05.20 16:10:45.741,1.83666,1.83693,1.69,1.39
2014.05.20 16:10:46.292,1.83671,1.83698,1.19,1.19
2014.05.20 16:10:47.485,1.83671,1.83698,1.69,1.39
2014.05.20 16:10:48.492,1.83671,1.83699,1.69,1.39
2014.05.20 16:10:49.908,1.83672,1.83699,1.32,1.39
2014.05.20 16:10:50.804,1.83672,1.83699,1.69,1.39
2014.05.20 16:10:51.325,1.83672,1.83696,1.69,1.20
2014.05.20 16:10:51.843,1.83672,1.837,1.32,1.19
2014.05.20 16:10:52.145,1.83672,1.83689,1.94,1.20
2014.05.20 16:10:52.246,1.83672,1.83696,1.57,1.09
2014.05.20 16:10:53.322,1.83672,1.83696,1.69,1.20
2014.05.20 16:10:53.638,1.83672,1.837,2.07,1.84
2014.05.20 16:10:54.429,1.83676,1.837,1.32,1.09
2014.05.20 16:10:55.194,1.83676,1.83699,1.32,1.20
2014.05.20 16:10:55.345,1.83676,1.83699,1.00,1.39
2014.05.20 16:10:55.648,1.83677,1.83694,1.00,1.39
2014.05.20 16:10:56.251,1.83677,1.83696,1.00,1.20
2014.05.20 16:11:01.859,1.83672,1.83696,1.57,1.09
2014.05.20 16:11:01.910,1.83672,1.83692,1.32,1.20
2014.05.20 16:11:02.011,1.83672,1.83696,1.32,1.09
2014.05.20 16:11:02.975,1.83672,1.83696,1.13,1.39
2014.05.20 16:11:03.719,1.83671,1.83696,1.13,1.39
2014.05.20 16:11:04.167,1.83672,1.83695,1.00,1.39
2014.05.20 16:11:04.689,1.83671,1.83694,1.25,1.39
2014.05.20 16:11:05.384,1.83671,1.83696,1.25,1.39
2014.05.20 16:11:05.917,1.83672,1.83696,1.00,1.39
2014.05.20 16:11:08.001,1.83672,1.83696,1.25,1.39
2014.05.20 16:11:11.721,1.83672,1.83696,1.00,1.39
2014.05.20 16:11:12.669,1.83672,1.83696,1.00,2.22
2014.05.20 16:11:12.972,1.83672,1.83687,1.00,1.39
2014.05.20 16:11:13.226,1.83667,1.83687,1.00,1.39
2014.05.20 16:11:13.839,1.83666,1.83687,1.00,1.39
2014.05.20 16:11:14.179,1.83666,1.83689,1.00,2.22
2014.05.20 16:11:14.482,1.83667,1.83689,1.25,1.25
2014.05.20 16:11:14.633,1.83671,1.83689,1.00,1.25
2014.05.20 16:11:15.870,1.83666,1.83689,1.32,1.00
2014.05.20 16:11:16.938,1.83671,1.83689,1.00,1.00
2014.05.20 16:11:17.475,1.83667,1.83689,1.19,1.00
2014.05.20 16:11:18.865,1.83667,1.83689,1.19,1.19
2014.05.20 16:11:19.399,1.83671,1.83694,1.00,2.22
2014.05.20 16:11:19.903,1.83671,1.83696,1.00,1.47
2014.05.20 16:11:20.361,1.83677,1.83696,1.00,1.19
2014.05.20 16:11:21.811,1.83677,1.83696,1.00,1.39
2014.05.20 16:11:22.441,1.83671,1.83696,1.63,1.39
2014.05.20 16:11:23.614,1.83671,1.83694,1.25,1.39
2014.05.20 16:11:24.390,1.83671,1.83694,1.25,1.39
2014.05.20 16:11:25.801,1.83671,1.83697,1.25,2.22
2014.05.20 16:11:25.971,1.83673,1.83697,1.20,1.32
2014.05.20 16:11:26.274,1.83682,1.8371,1.75,1.77
2014.05.20 16:11:26.325,1.83687,1.8371,1.00,1.77
2014.05.20 16:11:26.376,1.83687,1.8371,1.00,1.39
2014.05.20 16:11:26.632,1.83691,1.83712,1.00,1.25
2014.05.20 16:11:27.137,1.83691,1.83715,1.00,1.47
2014.05.20 16:11:27.726,1.83692,1.83715,1.00,1.84
2014.05.20 16:11:28.079,1.83696,1.83715,1.00,1.84
2014.05.20 16:11:29.998,1.83696,1.83717,1.00,1.47
2014.05.20 16:11:30.672,1.83697,1.83717,1.00,1.47
2014.05.20 16:11:32.328,1.83697,1.83712,1.00,1.00
2014.05.20 16:11:32.999,1.83697,1.83711,1.00,1.00
2014.05.20 16:11:33.870,1.83702,1.83711,1.00,1.00
2014.05.20 16:11:34.374,1.83702,1.83712,1.00,1.00
2014.05.20 16:11:35.078,1.83702,1.83711,1.00,1.00
2014.05.20 16:11:36.238,1.83702,1.83712,1.00,1.00
2014.05.20 16:11:36.834,1.83697,1.83712,1.00,1.00
2014.05.20 16:11:37.625,1.83697,1.83711,1.00,1.00
2014.05.20 16:11:38.155,1.83702,1.83711,1.00,1.00
2014.05.20 16:11:39.084,1.83701,1.83717,1.00,1.25
2014.05.20 16:11:39.285,1.83701,1.83719,1.00,1.84
2014.05.20 16:11:39.806,1.83697,1.83716,1.00,1.39
2014.05.20 16:11:40.348,1.83696,1.8372,1.25,1.84
2014.05.20 16:11:42.757,1.83696,1.83716,1.00,1.39
2014.05.20 16:11:44.111,1.83696,1.83716,1.00,1.20
2014.05.20 16:11:44.620,1.83696,1.83719,1.00,1.47
2014.05.20 16:11:46.714,1.83696,1.83719,1.00,1.47
2014.05.20 16:11:49.265,1.83697,1.83719,1.00,1.47
2014.05.20 16:11:50.791,1.83697,1.83719,1.00,1.47
2014.05.20 16:11:53.055,1.83697,1.83719,1.00,2.18
2014.05.20 16:11:53.359,1.83691,1.83708,1.00,1.32
2014.05.20 16:11:54.106,1.83691,1.83708,1.00,1.32
2014.05.20 16:11:54.676,1.83692,1.83708,1.00,1.32
2014.05.20 16:11:55.113,1.83687,1.83708,1.00,1.32
2014.05.20 16:11:55.315,1.83682,1.83708,1.19,2.07
2014.05.20 16:11:56.308,1.83691,1.83708,1.00,1.32
2014.05.20 16:11:56.359,1.83691,1.83708,1.00,1.13
2014.05.20 16:11:56.409,1.83691,1.8371,1.00,1.09
2014.05.20 16:11:56.561,1.83691,1.83718,1.25,2.59
2014.05.20 16:11:56.856,1.83697,1.83718,1.00,2.59
2014.05.20 16:11:57.769,1.83696,1.83717,1.00,1.39
2014.05.20 16:12:00.592,1.83697,1.83717,1.00,1.39
2014.05.20 16:12:00.908,1.83702,1.83717,1.00,1.39
2014.05.20 16:12:01.134,1.83696,1.83717,1.00,1.39
2014.05.20 16:12:02.982,1.83696,1.83719,1.00,1.77
2014.05.20 16:12:03.134,1.83702,1.83719,1.00,1.39
2014.05.20 16:12:06.602,1.83702,1.83718,1.00,1.39
2014.05.20 16:12:08.399,1.83701,1.83716,1.00,1.39
2014.05.20 16:12:08.905,1.83702,1.83717,1.00,1.39
2014.05.20 16:12:09.497,1.83701,1.83719,1.00,1.39
2014.05.20 16:12:09.860,1.83702,1.83722,1.00,1.69
2014.05.20 16:12:10.165,1.83706,1.83722,1.00,1.69
2014.05.20 16:12:10.469,1.83712,1.83722,1.00,1.50
2014.05.20 16:12:10.721,1.83712,1.83733,1.00,1.57
2014.05.20 16:12:10.924,1.83712,1.83739,1.25,2.59
2014.05.20 16:12:11.473,1.83712,1.83739,1.63,1.77
2014.05.20 16:12:11.625,1.83716,1.83739,1.00,1.77
2014.05.20 16:12:11.868,1.83716,1.83738,1.00,1.47
2014.05.20 16:12:13.216,1.83716,1.83738,1.00,1.47
2014.05.20 16:12:14.216,1.83716,1.83738,1.00,1.39
2014.05.20 16:12:14.269,1.83711,1.83738,1.57,1.39
2014.05.20 16:12:14.371,1.83716,1.83741,1.00,3.34
2014.05.20 16:12:15.290,1.83716,1.83741,1.00,2.59
2014.05.20 16:12:15.698,1.83722,1.83739,1.00,1.28
2014.05.20 16:12:16.001,1.83732,1.83749,1.00,1.20
2014.05.20 16:12:16.102,1.83721,1.83749,2.00,1.20
2014.05.20 16:12:16.153,1.83721,1.83749,1.63,1.58
2014.05.20 16:12:16.405,1.83716,1.83743,1.69,1.09
2014.05.20 16:12:16.457,1.83716,1.8374,1.69,1.20
2014.05.20 16:12:16.659,1.83716,1.83742,1.57,1.20
2014.05.20 16:12:17.165,1.83715,1.83744,1.39,2.07
2014.05.20 16:12:17.216,1.83714,1.83737,1.00,1.28
2014.05.20 16:12:17.317,1.83717,1.83737,1.00,1.47
2014.05.20 16:12:17.852,1.83716,1.83734,1.00,1.28
2014.05.20 16:12:17.903,1.83712,1.83734,1.00,1.28
2014.05.20 16:12:18.113,1.83708,1.83734,1.54,1.20
2014.05.20 16:12:18.318,1.83712,1.83733,1.00,1.20
2014.05.20 16:12:18.419,1.83712,1.83736,1.00,1.77
2014.05.20 16:12:18.470,1.83712,1.83736,1.00,1.77
2014.05.20 16:12:18.755,1.83709,1.83734,1.19,1.77
2014.05.20 16:12:19.384,1.83709,1.8373,1.19,1.20
2014.05.20 16:12:19.535,1.83707,1.8373,1.00,1.20
2014.05.20 16:12:20.048,1.83706,1.83729,1.00,1.28
2014.05.20 16:12:20.553,1.83704,1.83729,1.32,1.28
2014.05.20 16:12:21.643,1.83707,1.83731,1.00,1.58
2014.05.20 16:12:22.148,1.83707,1.83731,1.00,1.58
2014.05.20 16:12:22.775,1.83707,1.8373,1.00,1.19
2014.05.20 16:12:22.937,1.83701,1.83731,1.84,2.14
2014.05.20 16:12:23.898,1.83706,1.83728,1.00,1.77
2014.05.20 16:12:24.772,1.83702,1.83729,1.32,1.77
2014.05.20 16:12:25.311,1.83702,1.83729,1.32,1.77
2014.05.20 16:12:25.362,1.83707,1.8373,1.00,1.69
2014.05.20 16:12:25.909,1.83706,1.83732,1.00,2.14
2014.05.20 16:12:26.011,1.83706,1.83732,1.00,1.84
2014.05.20 16:12:26.592,1.83707,1.83732,1.00,1.84
2014.05.20 16:12:27.138,1.83707,1.83732,1.25,1.57
2014.05.20 16:12:27.926,1.83707,1.83731,1.00,1.57
2014.05.20 16:12:29.029,1.83707,1.83731,1.25,1.57
2014.05.20 16:12:31.138,1.83707,1.83732,1.00,2.07
2014.05.20 16:12:32.547,1.83707,1.83733,1.25,1.77
2014.05.20 16:12:32.924,1.83711,1.83733,1.00,2.59
2014.05.20 16:12:35.694,1.83706,1.83731,1.00,2.14
2014.05.20 16:12:36.334,1.83711,1.83731,1.00,2.14
2014.05.20 16:12:36.384,1.83711,1.83732,1.00,1.94
2014.05.20 16:12:36.435,1.83711,1.83732,1.00,1.19
2014.05.20 16:12:37.772,1.83706,1.83732,1.19,1.19
2014.05.20 16:12:38.662,1.83712,1.83732,1.00,1.00
2014.05.20 16:12:38.713,1.83712,1.83737,1.13,1.84
2014.05.20 16:12:39.066,1.83706,1.83735,1.38,2.52
2014.05.20 16:12:39.116,1.83706,1.8373,1.38,1.20
2014.05.20 16:12:39.420,1.83711,1.8373,1.00,1.20
2014.05.20 16:12:39.471,1.83711,1.83735,1.00,1.62
2014.05.20 16:12:39.628,1.83707,1.83736,1.13,1.94
2014.05.20 16:12:40.165,1.83707,1.83734,1.19,1.47
2014.05.20 16:12:41.402,1.83707,1.83734,1.19,1.84
2014.05.20 16:12:41.717,1.83706,1.83734,1.19,2.59
2014.05.20 16:12:41.871,1.83706,1.83731,1.25,1.84
2014.05.20 16:12:42.128,1.83706,1.83725,1.25,1.00
2014.05.20 16:12:42.332,1.83696,1.83716,1.00,1.00
2014.05.20 16:12:42.383,1.83692,1.83717,1.19,1.65
2014.05.20 16:12:43.001,1.83692,1.83716,1.19,1.13
2014.05.20 16:12:43.393,1.83692,1.83716,1.25,1.00
2014.05.20 16:12:43.913,1.83692,1.83713,1.00,1.39
2014.05.20 16:12:44.371,1.83687,1.83712,1.19,1.09
2014.05.20 16:12:44.615,1.83686,1.83712,1.00,1.39
2014.05.20 16:12:44.966,1.83686,1.83707,1.00,1.13
2014.05.20 16:12:45.479,1.83686,1.83709,1.00,1.58
2014.05.20 16:12:45.990,1.83687,1.83709,1.00,1.77
2014.05.20 16:12:46.390,1.83686,1.83709,1.19,1.20
2014.05.20 16:12:46.441,1.83686,1.83713,1.84,1.69
2014.05.20 16:12:46.693,1.83686,1.83711,1.19,1.84
2014.05.20 16:12:47.365,1.83686,1.83711,1.19,1.84
2014.05.20 16:12:47.796,1.83686,1.83711,1.00,3.34
2014.05.20 16:12:48.314,1.83687,1.83706,1.00,1.39
2014.05.20 16:12:48.942,1.83686,1.83705,1.00,1.32
2014.05.20 16:12:49.603,1.83687,1.83705,1.00,1.13
2014.05.20 16:12:50.110,1.83681,1.83709,1.57,1.77
2014.05.20 16:12:50.624,1.83681,1.83711,1.57,2.22
2014.05.20 16:12:50.926,1.83682,1.8371,1.32,1.77
2014.05.20 16:12:51.416,1.83682,1.8371,1.32,1.77
2014.05.20 16:12:52.628,1.83682,1.83708,1.32,1.20
2014.05.20 16:12:53.236,1.83687,1.83709,1.25,1.28
2014.05.20 16:12:54.356,1.83687,1.83709,1.00,1.47
2014.05.20 16:12:55.928,1.83687,1.83709,1.00,1.39
2014.05.20 16:12:57.853,1.83687,1.83711,1.25,2.78
2014.05.20 16:12:58.939,1.83687,1.83711,1.19,2.03
2014.05.20 16:12:59.192,1.83687,1.83707,1.00,1.20
2014.05.20 16:12:59.702,1.83687,1.8371,1.00,1.58
2014.05.20 16:12:59.753,1.83687,1.8371,1.00,1.58
2014.05.20 16:13:00.256,1.83687,1.83708,1.00,2.03
2014.05.20 16:13:00.470,1.83687,1.83708,1.00,2.22
2014.05.20 16:13:01.234,1.83681,1.83707,1.32,1.39
2014.05.20 16:13:01.470,1.83681,1.83708,1.32,2.22
2014.05.20 16:13:02.313,1.83687,1.83707,1.00,1.32
2014.05.20 16:13:02.819,1.83687,1.83707,1.00,1.32
2014.05.20 16:13:03.603,1.83687,1.83708,1.19,2.03
2014.05.20 16:13:04.136,1.83686,1.83711,1.19,2.44
2014.05.20 16:13:05.836,1.83686,1.83711,1.19,2.44
2014.05.20 16:13:07.748,1.83686,1.83712,1.00,2.82
2014.05.20 16:13:10.961,1.83686,1.83709,1.00,1.57
2014.05.20 16:13:11.731,1.83687,1.83709,1.00,1.57
2014.05.20 16:13:12.051,1.83692,1.83709,1.00,1.57
2014.05.20 16:13:13.275,1.83692,1.8371,1.00,1.57
2014.05.20 16:13:14.390,1.83692,1.83711,1.00,2.97
2014.05.20 16:13:14.899,1.83691,1.83711,1.00,2.97
2014.05.20 16:13:15.080,1.83686,1.8371,1.25,1.77
2014.05.20 16:13:15.810,1.83686,1.83711,1.00,2.97
2014.05.20 16:13:18.494,1.83686,1.83711,1.00,3.72
2014.05.20 16:13:20.102,1.83686,1.83711,1.00,2.97
2014.05.20 16:13:21.240,1.83686,1.83711,1.25,2.97
2014.05.20 16:13:21.964,1.83687,1.83711,1.00,2.97
2014.05.20 16:13:22.490,1.83687,1.83711,1.00,2.97
2014.05.20 16:13:22.554,1.83691,1.83711,1.00,2.97
2014.05.20 16:13:23.153,1.83692,1.83709,1.00,1.47
2014.05.20 16:13:23.355,1.83686,1.8371,1.00,1.77
2014.05.20 16:13:24.047,1.83686,1.83709,1.00,1.77
2014.05.20 16:13:24.655,1.83691,1.83709,1.00,1.77
2014.05.20 16:13:25.977,1.83686,1.83709,1.00,1.77
2014.05.20 16:13:28.763,1.83686,1.83709,1.00,1.77
2014.05.20 16:13:29.392,1.83687,1.83709,1.00,1.77
2014.05.20 16:13:31.394,1.83686,1.83709,1.00,2.22
2014.05.20 16:13:31.898,1.83686,1.83705,1.00,1.20
2014.05.20 16:13:34.087,1.83686,1.83709,1.19,1.32
2014.05.20 16:13:35.343,1.83686,1.83709,1.19,1.13
2014.05.20 16:13:36.297,1.83686,1.83709,1.19,1.13
2014.05.20 16:13:36.844,1.83687,1.83711,1.19,1.88
2014.05.20 16:13:37.608,1.83682,1.83706,1.00,1.20
2014.05.20 16:13:37.709,1.83682,1.83706,1.00,1.47
2014.05.20 16:13:38.011,1.83687,1.83701,1.00,1.00
2014.05.20 16:13:38.062,1.83682,1.83701,1.00,1.00
2014.05.20 16:13:38.213,1.83682,1.83706,1.00,1.88
2014.05.20 16:13:38.264,1.83682,1.83706,1.00,1.13
2014.05.20 16:13:38.832,1.83681,1.83706,1.65,2.07
2014.05.20 16:13:39.141,1.83686,1.83705,1.00,1.09
2014.05.20 16:13:39.405,1.83682,1.83706,1.19,1.47
2014.05.20 16:13:40.325,1.83682,1.83706,1.19,1.28
2014.05.20 16:13:41.768,1.83682,1.83706,1.19,1.13
2014.05.20 16:13:42.931,1.83682,1.83706,1.19,1.32
2014.05.20 16:13:43.421,1.83687,1.83706,1.00,1.32
2014.05.20 16:13:44.092,1.83686,1.83706,1.00,1.32
2014.05.20 16:13:45.040,1.83686,1.83711,1.19,2.59
2014.05.20 16:13:48.195,1.83686,1.83711,1.19,2.59
2014.05.20 16:13:49.859,1.83687,1.83707,1.00,2.44
2014.05.20 16:13:50.802,1.83686,1.83707,1.00,2.44
2014.05.20 16:13:51.166,1.83686,1.83705,1.00,3.57
2014.05.20 16:13:51.572,1.83682,1.83704,1.00,2.44
2014.05.20 16:13:52.120,1.83682,1.83701,1.00,1.00
2014.05.20 16:13:52.662,1.83682,1.83701,1.00,1.38
2014.05.20 16:13:54.414,1.83682,1.83701,1.00,1.57
2014.05.20 16:13:57.091,1.83677,1.83703,1.25,3.57
2014.05.20 16:13:58.002,1.83677,1.83701,1.19,1.57
2014.05.20 16:13:58.207,1.83681,1.83701,1.00,1.57
2014.05.20 16:13:59.035,1.83681,1.83701,1.00,1.77
2014.05.20 16:14:02.386,1.83677,1.83701,1.25,1.77
2014.05.20 16:14:02.539,1.83677,1.837,1.25,1.77
2014.05.20 16:14:03.065,1.83677,1.83698,1.00,1.39
2014.05.20 16:14:09.041,1.83677,1.83698,1.00,1.39
2014.05.20 16:14:10.183,1.83676,1.83701,1.19,1.57
2014.05.20 16:14:11.397,1.83681,1.83702,1.00,1.32
2014.05.20 16:14:11.498,1.83681,1.83702,1.00,1.32
2014.05.20 16:14:12.125,1.83676,1.83701,1.19,1.25
2014.05.20 16:14:12.233,1.83673,1.83688,1.77,1.00
2014.05.20 16:14:12.485,1.83673,1.83688,1.47,1.00
2014.05.20 16:14:12.788,1.83673,1.83694,1.77,1.00
2014.05.20 16:14:13.090,1.83669,1.83694,1.84,1.19
2014.05.20 16:14:13.191,1.8367,1.83693,1.00,1.63
2014.05.20 16:14:13.242,1.83662,1.83686,1.47,1.00
2014.05.20 16:14:13.293,1.83659,1.83688,1.65,2.00
2014.05.20 16:14:13.394,1.83656,1.83684,1.57,1.63
2014.05.20 16:14:13.596,1.83656,1.83684,1.00,2.22
2014.05.20 16:14:13.697,1.83653,1.83679,2.03,1.00
2014.05.20 16:14:13.898,1.83654,1.83683,1.63,2.22
2014.05.20 16:14:13.949,1.83649,1.83678,1.92,1.20
2014.05.20 16:14:14.251,1.83656,1.83679,1.00,1.84
2014.05.20 16:14:14.454,1.83649,1.83679,1.84,2.22
2014.05.20 16:14:14.557,1.83657,1.83675,1.00,1.39
2014.05.20 16:14:14.910,1.83651,1.83675,1.32,1.39
2014.05.20 16:14:15.263,1.83651,1.83679,1.32,1.84
2014.05.20 16:14:15.415,1.83661,1.83685,1.20,2.82
2014.05.20 16:14:15.516,1.83659,1.83685,1.28,1.25
2014.05.20 16:14:15.717,1.83654,1.83679,1.57,1.20
2014.05.20 16:14:15.919,1.83657,1.83682,1.19,1.19
2014.05.20 16:14:16.377,1.83653,1.83679,1.39,1.20
2014.05.20 16:14:16.680,1.83648,1.83675,2.14,1.20
2014.05.20 16:14:17.291,1.83656,1.83675,1.00,1.20
2014.05.20 16:14:17.523,1.83656,1.83684,2.00,1.19
2014.05.20 16:14:17.674,1.83656,1.83681,2.00,1.20
2014.05.20 16:14:18.307,1.83656,1.83682,2.00,1.20
2014.05.20 16:14:18.997,1.83656,1.83682,2.00,1.20
2014.05.20 16:14:19.299,1.83656,1.83682,2.00,1.20
2014.05.20 16:14:19.601,1.83658,1.83682,1.00,1.20
2014.05.20 16:14:21.819,1.83658,1.83682,1.00,1.39
2014.05.20 16:14:22.401,1.83657,1.83685,1.69,1.39
2014.05.20 16:14:22.659,1.83657,1.83688,1.69,1.19
2014.05.20 16:14:22.922,1.83662,1.83688,1.00,1.94
2014.05.20 16:14:23.124,1.83653,1.83681,2.03,1.58
2014.05.20 16:14:23.175,1.83653,1.83677,1.69,1.20
2014.05.20 16:14:23.327,1.83652,1.83677,2.00,1.20
2014.05.20 16:14:23.378,1.83649,1.83672,1.94,1.20
2014.05.20 16:14:23.529,1.83649,1.83676,1.94,1.20
2014.05.20 16:14:23.746,1.83649,1.83678,1.94,1.20
2014.05.20 16:14:24.080,1.83649,1.83678,1.94,1.39
2014.05.20 16:14:24.582,1.83653,1.83678,1.00,1.20
2014.05.20 16:14:26.301,1.83649,1.83678,1.94,1.09
2014.05.20 16:14:26.693,1.83648,1.83671,1.94,1.20
2014.05.20 16:14:26.744,1.83646,1.83671,1.02,1.20
2014.05.20 16:14:26.845,1.83646,1.83673,1.02,1.20
2014.05.20 16:14:28.052,1.83646,1.83673,1.02,1.20
2014.05.20 16:14:29.061,1.83649,1.83673,1.19,1.39
2014.05.20 16:14:29.671,1.83644,1.83666,1.92,1.20
2014.05.20 16:14:29.873,1.8364,1.8366,2.29,1.09
2014.05.20 16:14:30.025,1.8364,1.83659,1.25,1.20
2014.05.20 16:14:30.126,1.8364,1.83657,1.25,1.20
2014.05.20 16:14:30.227,1.83635,1.8366,1.87,1.09
2014.05.20 16:14:30.336,1.83634,1.83657,2.52,1.20
2014.05.20 16:14:30.681,1.83634,1.83661,4.02,1.39
2014.05.20 16:14:31.074,1.83634,1.83661,3.27,1.09
2014.05.20 16:14:31.951,1.83637,1.83659,1.32,1.20
2014.05.20 16:14:32.289,1.83637,1.83659,1.32,1.20
2014.05.20 16:14:33.856,1.83633,1.83661,1.94,1.09
2014.05.20 16:14:34.593,1.83633,1.83661,1.94,1.20
2014.05.20 16:14:35.088,1.83633,1.83661,1.94,1.39
2014.05.20 16:14:36.092,1.83633,1.83661,1.94,1.39
2014.05.20 16:14:38.122,1.83634,1.83659,1.69,1.20
2014.05.20 16:14:38.549,1.83636,1.83662,1.57,1.09
2014.05.20 16:14:40.660,1.83636,1.83661,1.57,1.20
2014.05.20 16:14:41.165,1.83636,1.8366,1.94,1.20
2014.05.20 16:14:41.421,1.83637,1.83665,1.69,2.22
2014.05.20 16:14:41.673,1.83641,1.83667,1.75,1.84
2014.05.20 16:14:41.774,1.83644,1.83671,1.69,1.84
2014.05.20 16:14:42.077,1.83645,1.83674,1.94,1.69
2014.05.20 16:14:44.547,1.83646,1.83671,1.69,1.39
2014.05.20 16:14:45.652,1.83645,1.83671,1.69,1.39
2014.05.20 16:14:45.854,1.83641,1.83667,1.69,1.39
2014.05.20 16:14:46.358,1.83637,1.83663,1.69,1.20
2014.05.20 16:14:47.400,1.83637,1.83663,1.57,1.39
2014.05.20 16:14:49.339,1.83636,1.83666,1.69,1.77
2014.05.20 16:14:51.384,1.83636,1.83666,1.69,1.77
2014.05.20 16:14:55.502,1.83636,1.83666,1.69,1.77
2014.05.20 16:14:56.809,1.83636,1.83666,1.69,2.22
2014.05.20 16:14:57.982,1.83641,1.83666,1.00,1.84
2014.05.20 16:15:00.278,1.83636,1.83665,1.94,1.39
2014.05.20 16:15:01.886,1.83636,1.83665,1.94,1.39
2014.05.20 16:15:05.676,1.83636,1.83663,1.94,1.39
2014.05.20 16:15:07.123,1.83642,1.83663,1.00,1.39
2014.05.20 16:15:07.426,1.83641,1.83668,2.22,1.19
2014.05.20 16:15:07.527,1.83647,1.83673,1.38,1.32
2014.05.20 16:15:08.690,1.83643,1.83674,2.14,1.19
2014.05.20 16:15:10.091,1.83643,1.83675,2.59,1.39
2014.05.20 16:15:11.196,1.83644,1.83675,1.94,1.39
2014.05.20 16:15:13.153,1.83641,1.83672,1.94,1.19
2014.05.20 16:15:13.355,1.83642,1.83672,1.84,1.84
2014.05.20 16:15:14.728,1.83641,1.83673,2.59,1.69
2014.05.20 16:15:14.779,1.83641,1.83673,2.59,1.19
2014.05.20 16:15:15.716,1.83641,1.83673,3.34,1.19
2014.05.20 16:15:17.795,1.83642,1.83672,2.14,1.39
2014.05.20 16:15:19.716,1.83647,1.83672,1.19,1.39
2014.05.20 16:15:22.839,1.83644,1.83674,2.14,1.39
2014.05.20 16:15:23.811,1.83651,1.83675,1.00,1.39
2014.05.20 16:15:23.863,1.83651,1.83675,1.00,1.39
2014.05.20 16:15:25.023,1.83651,1.83679,1.19,4.09
2014.05.20 16:15:26.332,1.83653,1.83679,1.20,3.19
2014.05.20 16:15:26.433,1.83653,1.83679,1.65,1.50
2014.05.20 16:15:26.484,1.83654,1.83679,1.95,1.50
2014.05.20 16:15:26.586,1.83657,1.83685,1.32,1.39
2014.05.20 16:15:26.939,1.83658,1.8369,2.59,1.84
2014.05.20 16:15:27.779,1.83661,1.83691,2.14,1.39
2014.05.20 16:15:29.361,1.83662,1.83691,1.94,1.39
2014.05.20 16:15:30.474,1.83664,1.83691,1.57,1.39
2014.05.20 16:15:31.600,1.83662,1.83691,1.69,1.39
2014.05.20 16:15:32.672,1.83662,1.83691,2.44,1.39
2014.05.20 16:15:34.805,1.83663,1.83691,1.57,1.39
2014.05.20 16:15:35.873,1.83663,1.83692,1.57,1.84
2014.05.20 16:15:36.276,1.83661,1.83692,1.94,1.84
2014.05.20 16:15:36.581,1.83672,1.83692,1.00,1.84
2014.05.20 16:15:37.182,1.83672,1.83693,1.00,1.32
2014.05.20 16:15:38.187,1.83672,1.83693,1.00,1.32
2014.05.20 16:15:38.780,1.83665,1.83693,1.57,1.32
2014.05.20 16:15:40.498,1.83663,1.83691,1.32,1.47
2014.05.20 16:15:41.733,1.83663,1.83691,1.32,1.47
2014.05.20 16:15:42.809,1.83664,1.83691,1.19,1.47
2014.05.20 16:15:43.335,1.83664,1.8369,1.19,1.20
2014.05.20 16:15:44.254,1.83661,1.8369,1.57,1.09
2014.05.20 16:15:44.355,1.83661,1.83688,1.57,1.20
2014.05.20 16:15:44.456,1.83658,1.83687,1.57,1.09
2014.05.20 16:15:45.130,1.83661,1.83687,1.25,1.47
2014.05.20 16:15:45.650,1.83662,1.83685,1.00,1.39
2014.05.20 16:15:46.184,1.83662,1.83687,1.19,1.84
2014.05.20 16:15:47.075,1.83656,1.83683,1.32,1.20
2014.05.20 16:15:47.595,1.83661,1.83684,1.19,1.20
2014.05.20 16:15:47.957,1.83656,1.83682,2.07,1.20
2014.05.20 16:15:48.058,1.83656,1.83682,1.32,1.39
2014.05.20 16:15:49.548,1.83652,1.83682,2.14,1.39
2014.05.20 16:15:49.901,1.83661,1.83682,1.00,1.39
2014.05.20 16:15:50.902,1.83661,1.83685,1.00,1.39
2014.05.20 16:15:51.383,1.83655,1.83682,1.09,1.20
2014.05.20 16:15:52.903,1.83659,1.83684,1.39,1.47
2014.05.20 16:15:53.206,1.83667,1.83687,1.00,1.32
2014.05.20 16:15:53.600,1.83667,1.83688,1.00,1.25
2014.05.20 16:15:53.802,1.83668,1.83692,1.20,1.38
2014.05.20 16:15:53.853,1.83672,1.83692,1.00,1.38
2014.05.20 16:15:54.056,1.83672,1.83698,1.19,1.63
2014.05.20 16:15:54.157,1.83669,1.83699,1.94,1.39
2014.05.20 16:15:55.402,1.83671,1.83701,1.94,1.39
2014.05.20 16:15:57.493,1.83671,1.83701,1.94,1.39
2014.05.20 16:15:58.420,1.83671,1.837,1.63,1.57
2014.05.20 16:15:58.571,1.83677,1.83696,1.00,1.09
2014.05.20 16:15:58.672,1.83671,1.83698,1.25,1.84
2014.05.20 16:15:59.845,1.83671,1.83698,1.19,1.84
2014.05.20 16:16:00.740,1.83672,1.83696,1.00,1.57
2014.05.20 16:16:01.043,1.83666,1.83688,1.00,1.39
2014.05.20 16:16:02.121,1.83667,1.83688,1.00,1.39
2014.05.20 16:16:02.222,1.83667,1.83691,1.00,1.39
2014.05.20 16:16:02.850,1.83666,1.8369,1.25,1.39
2014.05.20 16:16:03.427,1.83667,1.8369,1.00,1.39
2014.05.20 16:16:03.973,1.83666,1.83691,1.25,1.84
2014.05.20 16:16:04.642,1.83666,1.83689,1.25,1.20
2014.05.20 16:16:04.936,1.83666,1.83689,1.00,1.39
2014.05.20 16:16:06.187,1.83667,1.83692,1.65,1.57
2014.05.20 16:16:08.093,1.83667,1.83688,1.00,1.20
2014.05.20 16:16:08.144,1.83666,1.8369,1.00,1.25
2014.05.20 16:16:08.761,1.83666,1.83692,1.38,1.19
2014.05.20 16:16:08.811,1.83672,1.83695,1.00,1.32
2014.05.20 16:16:09.575,1.83671,1.83696,1.00,1.39
2014.05.20 16:16:10.410,1.83671,1.83696,1.19,1.20
2014.05.20 16:16:10.662,1.83672,1.83701,1.19,1.39
2014.05.20 16:16:12.635,1.83672,1.83699,1.69,1.09
2014.05.20 16:16:14.177,1.83672,1.83699,1.19,1.39
2014.05.20 16:16:15.534,1.83672,1.83701,1.69,1.39
2014.05.20 16:16:16.537,1.83672,1.83702,1.69,1.47
2014.05.20 16:16:17.745,1.83672,1.837,1.19,1.39
2014.05.20 16:16:21.259,1.83672,1.837,1.69,1.39
2014.05.20 16:16:22.397,1.83672,1.83699,1.69,1.20
2014.05.20 16:16:22.643,1.83672,1.83701,1.69,1.20
2014.05.20 16:16:23.151,1.83672,1.83702,1.69,1.47
2014.05.20 16:16:23.453,1.83676,1.83706,2.14,1.47
2014.05.20 16:16:23.503,1.83676,1.83706,2.14,1.47
2014.05.20 16:16:23.604,1.83678,1.83708,2.14,1.39
2014.05.20 16:16:24.109,1.83697,1.83709,1.00,1.47
2014.05.20 16:16:24.257,1.83697,1.83709,1.00,1.20
2014.05.20 16:16:24.308,1.83697,1.83712,1.00,1.19
2014.05.20 16:16:24.360,1.83682,1.83712,2.97,1.19
2014.05.20 16:16:25.241,1.83687,1.83712,1.19,1.84
2014.05.20 16:16:26.319,1.83687,1.83712,1.25,1.84
2014.05.20 16:16:27.958,1.83687,1.83711,1.25,1.47
2014.05.20 16:16:29.849,1.83687,1.83711,1.19,1.47
2014.05.20 16:16:30.851,1.83681,1.83709,2.44,1.28
2014.05.20 16:16:31.150,1.83682,1.83705,1.19,1.09
2014.05.20 16:16:32.228,1.83681,1.83705,1.32,1.20
2014.05.20 16:16:33.760,1.83679,1.83705,1.57,1.20
2014.05.20 16:16:34.890,1.83682,1.8371,1.19,1.84
2014.05.20 16:16:35.952,1.83682,1.8371,1.19,1.84
2014.05.20 16:16:37.392,1.83682,1.8371,1.69,1.65
2014.05.20 16:16:38.284,1.83682,1.83707,1.19,1.20
2014.05.20 16:16:38.386,1.83681,1.83708,1.19,1.77
2014.05.20 16:16:38.438,1.83681,1.83708,1.19,1.77
2014.05.20 16:16:38.488,1.83678,1.83703,1.19,1.20
2014.05.20 16:16:39.180,1.83677,1.83702,1.69,1.20
2014.05.20 16:16:39.370,1.83677,1.837,1.69,1.20
2014.05.20 16:16:39.983,1.83677,1.83701,1.69,1.20
2014.05.20 16:16:41.110,1.83677,1.83701,1.19,1.09
2014.05.20 16:16:41.513,1.83677,1.83704,1.57,1.09
2014.05.20 16:16:42.496,1.83677,1.83704,2.07,1.20
2014.05.20 16:16:43.374,1.83677,1.83704,1.69,1.58
2014.05.20 16:16:43.425,1.83677,1.83704,1.25,1.84
2014.05.20 16:16:43.678,1.83672,1.837,2.44,1.20
2014.05.20 16:16:43.728,1.83672,1.837,1.57,1.77
2014.05.20 16:16:43.779,1.83676,1.837,1.00,1.77
2014.05.20 16:16:44.082,1.83672,1.83695,1.53,1.20
2014.05.20 16:16:44.384,1.83682,1.83704,1.00,1.19
2014.05.20 16:16:45.431,1.83682,1.83705,1.00,1.77
2014.05.20 16:16:46.316,1.83677,1.83703,1.32,1.19
2014.05.20 16:16:48.188,1.83682,1.83703,1.00,1.47
2014.05.20 16:16:48.382,1.83677,1.83703,1.19,2.22
2014.05.20 16:16:49.429,1.83677,1.83703,1.19,2.22
2014.05.20 16:16:55.065,1.83681,1.83704,1.19,1.47
2014.05.20 16:17:00.266,1.83681,1.83704,1.25,1.84
2014.05.20 16:17:01.570,1.83675,1.83698,1.32,1.00
2014.05.20 16:17:01.621,1.83672,1.83697,1.84,1.20
2014.05.20 16:17:01.722,1.83672,1.83692,1.00,1.20
2014.05.20 16:17:01.975,1.83667,1.83696,1.92,1.38
2014.05.20 16:17:02.284,1.83667,1.83698,1.69,2.59
2014.05.20 16:17:02.610,1.83666,1.8369,1.25,1.39
2014.05.20 16:17:03.493,1.83666,1.8369,1.00,1.39
2014.05.20 16:17:03.811,1.83666,1.8369,1.19,1.39
2014.05.20 16:17:04.187,1.83667,1.83696,1.32,1.39
2014.05.20 16:17:05.629,1.83671,1.83696,1.00,1.47
2014.05.20 16:17:07.932,1.83671,1.83696,1.00,2.22
2014.05.20 16:17:10.311,1.83671,1.83695,1.00,1.19
2014.05.20 16:17:10.876,1.83672,1.83691,1.00,1.39
2014.05.20 16:17:11.413,1.83672,1.83691,1.00,1.39
2014.05.20 16:17:11.840,1.83671,1.83693,1.00,1.19
2014.05.20 16:17:12.560,1.83666,1.83696,1.94,1.47
2014.05.20 16:17:13.220,1.83666,1.83696,1.94,1.47
2014.05.20 16:17:14.464,1.83666,1.83696,1.94,1.47
2014.05.20 16:17:15.120,1.83672,1.83697,1.00,1.19
2014.05.20 16:17:15.271,1.83672,1.837,1.19,1.69
2014.05.20 16:17:15.959,1.83672,1.83695,1.00,1.39
2014.05.20 16:17:16.111,1.83666,1.83695,1.88,1.39
2014.05.20 16:17:16.456,1.83672,1.83696,1.00,1.47
2014.05.20 16:17:17.066,1.83672,1.83696,1.00,1.47
2014.05.20 16:17:18.255,1.83672,1.83696,1.19,1.47
2014.05.20 16:17:19.262,1.83671,1.83694,1.00,1.47
2014.05.20 16:17:19.831,1.83672,1.83694,1.00,1.47
2014.05.20 16:17:19.881,1.83672,1.83694,1.25,1.09
2014.05.20 16:17:20.870,1.83672,1.83697,1.19,1.84
2014.05.20 16:17:23.818,1.83671,1.83694,1.00,1.47
2014.05.20 16:17:24.892,1.83671,1.83693,1.00,1.84
2014.05.20 16:17:26.225,1.83671,1.83695,1.00,2.59
2014.05.20 16:17:28.408,1.83671,1.83695,1.00,2.22
2014.05.20 16:17:29.940,1.83671,1.83697,1.25,2.14
2014.05.20 16:17:30.947,1.83671,1.83697,1.19,2.14
2014.05.20 16:17:31.608,1.83676,1.83697,1.00,2.14
2014.05.20 16:17:35.568,1.83676,1.83698,1.00,2.14
2014.05.20 16:17:35.779,1.83671,1.83699,1.25,2.59
2014.05.20 16:17:36.280,1.83671,1.83699,1.59,2.59
2014.05.20 16:17:36.592,1.83677,1.83696,1.00,1.19
2014.05.20 16:17:37.442,1.83677,1.83702,1.00,1.94
2014.05.20 16:17:37.651,1.83672,1.83698,1.53,1.69
2014.05.20 16:17:38.783,1.83672,1.83698,1.53,1.69
2014.05.20 16:17:39.151,1.83676,1.83699,1.00,1.94
2014.05.20 16:17:40.193,1.83676,1.83701,1.00,2.44
2014.05.20 16:17:43.353,1.83672,1.83698,1.19,1.69
2014.05.20 16:17:43.592,1.83677,1.83702,1.00,3.34
2014.05.20 16:17:49.828,1.83672,1.83698,1.53,1.69
2014.05.20 16:17:50.375,1.83672,1.83698,1.53,1.69
2014.05.20 16:17:51.414,1.83672,1.83698,1.53,1.69
2014.05.20 16:17:51.813,1.8367,1.83693,2.18,1.00
2014.05.20 16:17:52.407,1.83668,1.83693,2.18,1.00
2014.05.20 16:17:53.859,1.83668,1.83693,2.18,1.00
2014.05.20 16:17:53.910,1.83671,1.83699,1.53,1.94
2014.05.20 16:17:55.519,1.83671,1.83699,1.53,1.94
2014.05.20 16:17:55.865,1.83668,1.83693,3.30,1.32
2014.05.20 16:17:56.016,1.83667,1.83692,1.72,1.19
2014.05.20 16:17:56.067,1.83667,1.83692,1.34,1.69
2014.05.20 16:17:56.117,1.83663,1.83688,1.47,1.25
2014.05.20 16:17:56.168,1.83659,1.83688,2.37,1.63
2014.05.20 16:17:56.471,1.8366,1.83691,1.39,2.14
2014.05.20 16:17:56.622,1.8366,1.83689,1.77,1.19
2014.05.20 16:17:58.082,1.83661,1.83689,1.39,2.07
2014.05.20 16:17:58.283,1.83663,1.83693,1.80,1.94
2014.05.20 16:17:59.778,1.83667,1.83694,1.39,1.94
2014.05.20 16:18:01.996,1.83667,1.83695,1.39,1.94
2014.05.20 16:18:02.877,1.83664,1.83693,1.09,1.94
2014.05.20 16:18:02.978,1.83664,1.83691,1.09,1.94
2014.05.20 16:18:03.180,1.83659,1.83689,1.63,1.94
2014.05.20 16:18:03.231,1.83657,1.83689,1.39,2.44
2014.05.20 16:18:03.383,1.83657,1.83684,1.09,1.19
2014.05.20 16:18:04.613,1.83655,1.83683,1.39,1.19
2014.05.20 16:18:05.879,1.83656,1.83684,1.53,1.50
2014.05.20 16:18:07.319,1.83658,1.83686,1.39,1.57
2014.05.20 16:18:07.568,1.83661,1.83687,1.00,1.69
2014.05.20 16:18:08.532,1.83661,1.83689,1.19,3.19
2014.05.20 16:18:09.630,1.83661,1.83688,1.19,1.57
2014.05.20 16:18:11.941,1.83662,1.83688,1.00,1.57
2014.05.20 16:18:12.551,1.83661,1.83689,1.00,2.44
2014.05.20 16:18:13.365,1.83662,1.83688,1.00,1.57
2014.05.20 16:18:14.313,1.83662,1.83687,1.00,1.57
2014.05.20 16:18:16.818,1.83662,1.83688,1.00,2.44
2014.05.20 16:18:20.029,1.83662,1.83686,1.00,1.94
2014.05.20 16:18:23.143,1.83662,1.83688,1.00,2.44
2014.05.20 16:18:24.629,1.83661,1.83688,1.25,2.59
2014.05.20 16:18:25.171,1.83662,1.83684,1.00,1.19
2014.05.20 16:18:26.680,1.83662,1.83683,1.00,1.39
2014.05.20 16:18:27.367,1.83661,1.83683,1.00,1.39
2014.05.20 16:18:28.114,1.83662,1.83684,1.00,1.19
2014.05.20 16:18:28.318,1.83666,1.83684,1.00,1.19
2014.05.20 16:18:29.169,1.83666,1.83687,1.00,1.84
2014.05.20 16:18:30.873,1.83666,1.83687,1.00,1.84
2014.05.20 16:18:30.959,1.83661,1.83687,1.19,1.84
2014.05.20 16:18:32.060,1.83666,1.83687,1.00,2.59
2014.05.20 16:18:32.776,1.83667,1.83687,1.00,2.59
2014.05.20 16:18:33.311,1.83661,1.83686,1.25,1.77
2014.05.20 16:18:33.377,1.83667,1.83686,1.00,1.77
2014.05.20 16:18:33.597,1.83662,1.83687,1.00,1.84
2014.05.20 16:18:33.710,1.83667,1.83687,1.00,1.84
2014.05.20 16:18:34.327,1.83667,1.83686,1.00,1.57
2014.05.20 16:18:36.612,1.83667,1.83686,1.00,1.57
2014.05.20 16:18:38.010,1.83667,1.83686,1.00,1.57
2014.05.20 16:18:41.823,1.83667,1.83685,1.00,1.32
2014.05.20 16:18:41.874,1.83662,1.83685,1.34,1.32
2014.05.20 16:18:44.048,1.83661,1.83686,1.53,1.77
2014.05.20 16:18:44.159,1.83667,1.83686,1.00,1.77
2014.05.20 16:18:45.039,1.83667,1.83686,1.00,1.77
2014.05.20 16:18:46.754,1.83667,1.83686,1.00,1.39
2014.05.20 16:18:47.448,1.83666,1.83686,1.00,1.39
2014.05.20 16:18:48.286,1.83666,1.83686,1.00,1.39
2014.05.20 16:18:51.865,1.83666,1.83686,1.00,1.39
2014.05.20 16:18:52.868,1.83666,1.83686,1.00,1.39
2014.05.20 16:19:01.544,1.83667,1.83686,1.00,1.09
2014.05.20 16:19:01.796,1.83672,1.83687,1.00,1.39
2014.05.20 16:19:03.662,1.83671,1.83687,1.00,1.39
2014.05.20 16:19:04.193,1.83671,1.83687,1.00,1.39
2014.05.20 16:19:04.844,1.83672,1.83687,1.00,1.39
2014.05.20 16:19:05.453,1.83672,1.83687,1.00,1.39
2014.05.20 16:19:06.428,1.83672,1.83686,1.00,1.39
2014.05.20 16:19:06.808,1.83666,1.83687,1.00,1.57
2014.05.20 16:19:07.357,1.83672,1.83687,1.00,1.57
2014.05.20 16:19:08.097,1.83672,1.83687,1.00,1.57
2014.05.20 16:19:08.756,1.83671,1.83687,1.00,1.57
2014.05.20 16:19:10.649,1.83671,1.83689,1.00,1.84
2014.05.20 16:19:11.656,1.83671,1.83688,1.00,1.19
2014.05.20 16:19:11.914,1.83666,1.83688,1.00,1.19
2014.05.20 16:19:13.169,1.83666,1.83689,1.00,1.77
2014.05.20 16:19:13.707,1.83667,1.83689,1.00,1.77
2014.05.20 16:19:16.196,1.83667,1.83689,1.00,1.39
2014.05.20 16:19:16.422,1.83671,1.83689,1.00,1.39
2014.05.20 16:19:19.385,1.83671,1.83689,1.00,1.39
2014.05.20 16:19:22.743,1.83671,1.8369,1.00,1.39
2014.05.20 16:19:22.844,1.83681,1.83694,1.00,1.19
2014.05.20 16:19:22.945,1.83681,1.83699,1.00,1.57
2014.05.20 16:19:23.045,1.83681,1.83703,1.00,3.79
2014.05.20 16:19:23.096,1.83676,1.83703,1.28,3.72
2014.05.20 16:19:24.408,1.83672,1.83696,1.69,1.39
2014.05.20 16:19:24.459,1.83672,1.83696,1.32,1.39
2014.05.20 16:19:24.817,1.83681,1.83699,1.00,1.39
2014.05.20 16:19:26.051,1.83681,1.83701,1.00,1.39
2014.05.20 16:19:26.390,1.83672,1.83698,1.94,1.20
2014.05.20 16:19:26.787,1.83682,1.83698,1.00,1.20
2014.05.20 16:19:27.325,1.83682,1.83702,1.00,1.39
2014.05.20 16:19:28.365,1.83673,1.83702,1.28,1.39
2014.05.20 16:19:28.416,1.83673,1.83697,1.69,1.20
2014.05.20 16:19:28.517,1.83673,1.83699,1.72,1.09
2014.05.20 16:19:28.568,1.83681,1.83699,1.00,1.09
2014.05.20 16:19:30.087,1.83674,1.83701,1.09,1.39
2014.05.20 16:19:30.625,1.83672,1.83698,1.62,1.20
2014.05.20 16:19:34.408,1.83681,1.83698,1.00,1.20
2014.05.20 16:19:34.942,1.83681,1.83703,1.00,1.39
2014.05.20 16:19:38.269,1.83681,1.83703,1.00,1.84
2014.05.20 16:19:39.791,1.83682,1.83695,1.00,1.00
2014.05.20 16:19:40.094,1.83677,1.8369,1.00,1.25
2014.05.20 16:19:40.317,1.83672,1.8369,1.72,1.25
2014.05.20 16:19:40.698,1.83666,1.83691,1.19,1.39
2014.05.20 16:19:40.849,1.83669,1.83691,2.03,1.39
2014.05.20 16:19:41.001,1.83677,1.83699,1.13,1.39
2014.05.20 16:19:41.102,1.83682,1.837,1.00,1.39
2014.05.20 16:19:42.289,1.83682,1.837,1.00,1.39
2014.05.20 16:19:43.882,1.83677,1.83701,1.32,1.47
2014.05.20 16:19:44.485,1.83677,1.83701,1.32,1.47
2014.05.20 16:19:44.865,1.83681,1.83703,1.00,1.39
2014.05.20 16:19:45.719,1.83681,1.83703,1.00,1.39
2014.05.20 16:19:46.850,1.83682,1.83702,1.00,1.39
2014.05.20 16:19:48.951,1.83682,1.83702,1.00,1.39
2014.05.20 16:19:51.217,1.83682,1.83702,1.00,1.39
2014.05.20 16:19:52.220,1.83682,1.83702,1.00,1.39
2014.05.20 16:19:52.321,1.83677,1.83702,1.00,1.39
2014.05.20 16:19:52.473,1.83677,1.83701,1.38,1.39
2014.05.20 16:19:53.981,1.83682,1.83701,1.00,1.39
2014.05.20 16:19:54.788,1.83676,1.83701,1.69,1.39
2014.05.20 16:19:55.010,1.83681,1.83701,1.00,1.39
2014.05.20 16:19:56.026,1.83677,1.83701,1.57,1.39
2014.05.20 16:19:58.701,1.83677,1.83701,1.57,1.09
2014.05.20 16:19:59.877,1.83677,1.83701,1.63,1.39
2014.05.20 16:20:00.289,1.83682,1.83702,1.00,1.39
2014.05.20 16:20:01.167,1.83682,1.83703,1.00,1.09
2014.05.20 16:20:01.982,1.83681,1.83706,1.00,1.77
2014.05.20 16:20:02.592,1.83681,1.83706,1.00,1.77
2014.05.20 16:20:04.417,1.83681,1.83706,1.00,1.77
2014.05.20 16:20:06.336,1.83681,1.83706,1.00,1.77
2014.05.20 16:20:08.199,1.83681,1.83705,1.00,1.32
2014.05.20 16:20:10.439,1.83681,1.83706,1.00,2.22
2014.05.20 16:20:11.189,1.83682,1.83706,1.00,2.22
2014.05.20 16:20:11.340,1.83679,1.83702,1.00,1.47
2014.05.20 16:20:11.918,1.83676,1.83701,1.57,1.39
2014.05.20 16:20:13.725,1.83676,1.83701,1.63,1.39
2014.05.20 16:20:14.269,1.83676,1.83703,1.25,1.69
2014.05.20 16:20:14.982,1.83676,1.83703,1.19,2.22
2014.05.20 16:20:16.349,1.83682,1.83703,1.00,2.22
2014.05.20 16:20:17.998,1.83681,1.83703,1.00,2.22
2014.05.20 16:20:19.317,1.83677,1.83703,1.19,2.97
2014.05.20 16:20:21.161,1.83677,1.83703,1.25,2.22
2014.05.20 16:20:22.174,1.83677,1.83703,1.19,2.22
2014.05.20 16:20:23.969,1.83677,1.83703,1.19,2.22
2014.05.20 16:20:24.520,1.83677,1.83703,1.57,2.22
2014.05.20 16:20:26.682,1.83677,1.83703,1.57,2.22
2014.05.20 16:20:28.877,1.83682,1.83703,1.00,1.47
2014.05.20 16:20:29.569,1.83681,1.83704,1.00,1.19
2014.05.20 16:20:29.621,1.83681,1.83709,1.00,2.59
2014.05.20 16:20:30.161,1.83681,1.83706,1.38,1.47
2014.05.20 16:20:32.008,1.83682,1.83708,1.13,1.57
2014.05.20 16:20:33.057,1.83687,1.83709,1.00,1.84
2014.05.20 16:20:33.210,1.83687,1.83709,1.00,1.84
2014.05.20 16:20:33.758,1.83686,1.8371,1.00,1.39
2014.05.20 16:20:35.958,1.83686,1.8371,1.19,1.09
2014.05.20 16:20:37.632,1.83686,1.8371,1.19,1.39
2014.05.20 16:20:38.753,1.83686,1.8371,1.19,1.39
2014.05.20 16:20:39.326,1.83692,1.8371,1.00,1.39
2014.05.20 16:20:41.181,1.83692,1.8371,1.00,1.09
2014.05.20 16:20:44.963,1.83692,1.83713,1.00,1.84
2014.05.20 16:20:45.467,1.83691,1.83713,1.65,1.19
2014.05.20 16:20:46.080,1.83691,1.83716,1.00,1.32
2014.05.20 16:20:48.148,1.83692,1.83716,1.00,1.32
2014.05.20 16:20:48.350,1.83696,1.83716,1.00,1.19
2014.05.20 16:20:48.401,1.83696,1.83718,1.00,1.39
2014.05.20 16:20:52.793,1.83697,1.83718,1.00,1.39
2014.05.20 16:20:53.237,1.83696,1.83717,1.00,1.19
2014.05.20 16:20:53.766,1.83697,1.83717,1.00,1.19
2014.05.20 16:20:54.608,1.83697,1.83719,1.00,1.84
2014.05.20 16:20:54.949,1.83702,1.83719,1.00,1.84
2014.05.20 16:20:55.057,1.83696,1.83719,1.00,1.84
2014.05.20 16:20:56.046,1.83697,1.83718,1.00,1.19
2014.05.20 16:20:56.580,1.83696,1.83718,1.00,1.19
2014.05.20 16:20:58.382,1.83701,1.83718,1.00,1.19
2014.05.20 16:20:58.688,1.83696,1.83718,1.00,1.19
2014.05.20 16:20:59.502,1.83697,1.83718,1.00,1.19
2014.05.20 16:21:00.161,1.83697,1.83719,1.00,1.39
2014.05.20 16:21:03.698,1.83696,1.83719,1.00,1.39
2014.05.20 16:21:04.835,1.83697,1.83719,1.00,1.39
2014.05.20 16:21:06.183,1.83697,1.83719,1.00,1.84
2014.05.20 16:21:08.116,1.83697,1.83718,1.00,1.19
2014.05.20 16:21:08.417,1.83707,1.83723,1.00,1.19
2014.05.20 16:21:08.469,1.83702,1.83723,1.00,1.19
2014.05.20 16:21:08.721,1.83696,1.83718,1.00,1.09
2014.05.20 16:21:09.768,1.83696,1.83721,1.00,1.19
2014.05.20 16:21:12.276,1.83697,1.83721,1.00,1.19
2014.05.20 16:21:12.607,1.83692,1.83721,1.57,1.19
2014.05.20 16:21:13.031,1.83692,1.83722,1.57,1.19
2014.05.20 16:21:14.434,1.83691,1.83719,1.69,2.59
2014.05.20 16:21:17.543,1.83691,1.83717,1.69,1.19
2014.05.20 16:21:18.077,1.83696,1.83717,1.00,1.19
2014.05.20 16:21:21.385,1.83696,1.83719,1.00,1.39
2014.05.20 16:21:22.460,1.83696,1.83719,1.00,1.84
2014.05.20 16:21:23.564,1.83696,1.83718,1.00,1.19
2014.05.20 16:21:31.934,1.83696,1.83718,1.00,1.19
2014.05.20 16:21:34.408,1.83691,1.83718,1.69,1.19
2014.05.20 16:21:36.095,1.83691,1.83717,1.69,1.19
2014.05.20 16:21:38.143,1.83691,1.83717,1.69,1.19
2014.05.20 16:21:38.694,1.83691,1.83717,1.69,1.84
2014.05.20 16:21:39.611,1.83691,1.83716,1.50,1.19
2014.05.20 16:21:41.416,1.83691,1.83717,1.50,1.84
2014.05.20 16:21:45.859,1.83692,1.83717,1.13,1.39
2014.05.20 16:21:47.857,1.83691,1.83719,1.69,2.07
2014.05.20 16:21:49.158,1.83691,1.83718,1.69,1.19
2014.05.20 16:21:50.852,1.83691,1.83716,1.69,1.19
2014.05.20 16:21:55.769,1.83691,1.83717,1.50,1.19
2014.05.20 16:22:00.384,1.83691,1.83715,1.69,1.19
2014.05.20 16:22:02.033,1.83691,1.83718,1.69,1.19
2014.05.20 16:22:08.103,1.83691,1.83718,1.69,1.19
2014.05.20 16:22:16.830,1.83692,1.83717,1.69,1.19
2014.05.20 16:22:17.505,1.83687,1.83713,3.72,1.19
2014.05.20 16:22:19.578,1.83692,1.83717,1.00,1.19
2014.05.20 16:22:20.146,1.83691,1.83714,1.25,1.19
2014.05.20 16:22:20.909,1.83688,1.83714,1.94,1.19
2014.05.20 16:22:21.655,1.83689,1.83714,1.94,1.25
2014.05.20 16:22:22.007,1.8369,1.83714,1.32,1.25
2014.05.20 16:22:23.210,1.8369,1.83714,1.32,1.00
2014.05.20 16:22:24.163,1.8369,1.83714,1.32,1.25
2014.05.20 16:22:28.981,1.83691,1.83717,2.00,1.19
2014.05.20 16:22:29.032,1.83691,1.83717,1.69,1.19
2014.05.20 16:22:29.283,1.83691,1.83719,1.69,1.19
2014.05.20 16:22:29.384,1.83697,1.83722,1.38,1.39
2014.05.20 16:22:29.435,1.83697,1.83723,1.38,1.19
2014.05.20 16:22:29.586,1.83699,1.83723,2.59,1.25
2014.05.20 16:22:29.687,1.83699,1.83723,1.50,1.19
2014.05.20 16:22:30.432,1.83699,1.83724,1.75,1.19
2014.05.20 16:22:30.805,1.83699,1.83724,1.94,1.19
2014.05.20 16:22:31.798,1.83699,1.83724,1.94,1.19
2014.05.20 16:22:32.801,1.83698,1.83724,2.59,1.19
2014.05.20 16:22:34.492,1.83702,1.83727,1.63,1.19
2014.05.20 16:22:35.209,1.83702,1.83728,1.57,1.19
2014.05.20 16:22:37.219,1.83702,1.83728,1.63,1.19
2014.05.20 16:22:47.150,1.83702,1.83728,1.57,1.69
2014.05.20 16:22:49.988,1.83702,1.83728,2.22,1.19
2014.05.20 16:22:50.795,1.83702,1.83728,2.22,1.19
2014.05.20 16:22:56.179,1.83702,1.83728,2.22,1.19
2014.05.20 16:22:59.922,1.83702,1.83728,1.63,1.19
2014.05.20 16:23:00.501,1.83702,1.83728,1.57,1.69
2014.05.20 16:23:04.606,1.83702,1.83726,1.63,1.19
2014.05.20 16:23:06.043,1.83702,1.83726,1.32,1.19
2014.05.20 16:23:08.490,1.83702,1.83728,1.00,1.69
2014.05.20 16:23:09.693,1.83702,1.83727,1.00,1.19
2014.05.20 16:23:12.412,1.83701,1.83727,1.25,1.19
2014.05.20 16:23:14.416,1.83701,1.83727,1.19,1.19
2014.05.20 16:23:16.344,1.83701,1.83728,1.00,1.19
2014.05.20 16:23:17.004,1.83702,1.83728,1.00,1.69
2014.05.20 16:23:17.653,1.83701,1.83728,1.00,1.19
2014.05.20 16:23:18.329,1.83701,1.83729,1.25,2.07
2014.05.20 16:23:18.639,1.83707,1.83729,1.00,1.32
2014.05.20 16:23:19.316,1.83707,1.83728,1.00,1.19
2014.05.20 16:23:19.642,1.83697,1.83722,1.32,1.39
2014.05.20 16:23:19.743,1.83697,1.83722,1.00,1.84
2014.05.20 16:23:21.032,1.83697,1.83722,1.00,1.19
2014.05.20 16:23:22.436,1.83697,1.83722,1.00,1.19
2014.05.20 16:23:24.592,1.83696,1.83722,1.13,1.19
2014.05.20 16:23:25.852,1.83696,1.83719,1.00,1.19
2014.05.20 16:23:26.576,1.83697,1.83719,1.13,1.19
2014.05.20 16:23:29.597,1.83697,1.83721,1.13,1.84
2014.05.20 16:23:29.924,1.83696,1.83716,1.00,1.57
2014.05.20 16:23:30.126,1.83692,1.83716,1.38,1.57
2014.05.20 16:23:30.589,1.83692,1.83716,1.13,1.57
2014.05.20 16:23:33.621,1.83692,1.83714,1.00,1.32
2014.05.20 16:23:35.084,1.83692,1.83716,1.00,2.22
2014.05.20 16:23:35.630,1.83697,1.83716,1.00,1.57
2014.05.20 16:23:35.803,1.83692,1.83716,1.00,1.57
2014.05.20 16:23:36.789,1.83692,1.83715,1.00,1.57
2014.05.20 16:23:38.192,1.83692,1.83715,1.00,1.57
2014.05.20 16:23:39.512,1.83692,1.83715,1.00,1.57
2014.05.20 16:23:40.102,1.83691,1.83715,1.13,1.57
2014.05.20 16:23:41.822,1.83691,1.83713,1.13,1.19
2014.05.20 16:23:41.925,1.83684,1.83711,1.43,1.19
2014.05.20 16:23:41.976,1.83682,1.83711,1.88,1.57
2014.05.20 16:23:42.077,1.83677,1.83704,1.63,1.88
2014.05.20 16:23:42.128,1.83676,1.83702,1.50,1.20
2014.05.20 16:23:42.762,1.83676,1.83702,1.38,1.58
2014.05.20 16:23:43.342,1.83676,1.83699,1.38,1.19
2014.05.20 16:23:44.464,1.83676,1.83697,1.38,1.19
2014.05.20 16:23:45.165,1.83672,1.83695,1.53,1.39
2014.05.20 16:23:45.216,1.83672,1.8369,1.15,1.20
2014.05.20 16:23:45.266,1.83669,1.8369,1.38,1.09
2014.05.20 16:23:45.367,1.83669,1.83689,1.38,1.19
2014.05.20 16:23:45.468,1.83662,1.83686,1.38,1.32
2014.05.20 16:23:45.569,1.83656,1.83682,2.14,1.20
2014.05.20 16:23:45.863,1.83656,1.83684,1.94,1.25
2014.05.20 16:23:46.385,1.83656,1.83683,1.94,1.20
2014.05.20 16:23:46.830,1.83656,1.83682,1.75,1.19
2014.05.20 16:23:48.664,1.83662,1.83685,1.38,1.19
2014.05.20 16:23:48.866,1.83662,1.83687,1.38,1.39
2014.05.20 16:23:49.168,1.83663,1.83689,1.25,1.69
2014.05.20 16:23:49.467,1.83661,1.83689,1.94,1.69
2014.05.20 16:23:49.971,1.83666,1.83689,1.75,1.19
2014.05.20 16:23:50.576,1.83663,1.83693,2.14,1.19
2014.05.20 16:23:51.491,1.83672,1.83693,1.38,1.19
2014.05.20 16:23:51.940,1.83676,1.83694,1.00,1.19
2014.05.20 16:23:52.224,1.83668,1.83694,2.59,1.69
2014.05.20 16:23:52.756,1.83668,1.83694,2.59,1.19
2014.05.20 16:23:52.925,1.83664,1.83693,4.09,1.19
2014.05.20 16:23:53.412,1.83668,1.83693,2.14,1.19
2014.05.20 16:23:54.160,1.83668,1.83693,2.59,1.19
2014.05.20 16:23:54.905,1.83669,1.83693,2.00,1.19
2014.05.20 16:23:55.006,1.83683,1.83693,1.00,1.19
2014.05.20 16:23:55.208,1.83669,1.83694,2.23,1.69
2014.05.20 16:23:55.783,1.83671,1.83694,1.68,1.69
2014.05.20 16:23:56.069,1.83671,1.83694,1.68,1.19
2014.05.20 16:23:56.716,1.83668,1.83694,2.24,1.19
2014.05.20 16:23:57.705,1.83669,1.83693,1.94,1.19
2014.05.20 16:23:59.194,1.83671,1.83693,1.58,1.19
2014.05.20 16:23:59.729,1.83671,1.83693,1.00,1.19
2014.05.20 16:24:03.695,1.83671,1.83694,1.00,1.19
2014.05.20 16:24:06.092,1.83672,1.83695,1.00,1.19
2014.05.20 16:24:06.148,1.83672,1.83695,1.38,1.19
2014.05.20 16:24:06.249,1.83672,1.83695,1.38,1.39
2014.05.20 16:24:06.860,1.83672,1.83695,1.38,1.39
2014.05.20 16:24:07.673,1.83671,1.83691,1.25,1.20
2014.05.20 16:24:08.455,1.83668,1.83691,2.44,1.20
2014.05.20 16:24:10.121,1.83668,1.83694,1.94,1.39
2014.05.20 16:24:11.633,1.83669,1.83695,1.75,1.39
2014.05.20 16:24:14.034,1.83668,1.83693,1.94,1.84
2014.05.20 16:24:14.185,1.83669,1.83694,1.32,1.19
2014.05.20 16:24:14.713,1.83672,1.83697,1.38,1.19
2014.05.20 16:24:15.694,1.83668,1.83692,2.04,1.09
2014.05.20 16:24:16.263,1.83665,1.83692,1.94,1.39
2014.05.20 16:24:19.083,1.83666,1.83692,1.94,1.09
2014.05.20 16:24:19.234,1.83666,1.83694,2.07,1.19
2014.05.20 16:24:19.335,1.83666,1.83694,2.07,1.19
2014.05.20 16:24:20.062,1.83672,1.83691,1.00,1.20
2014.05.20 16:24:20.825,1.83664,1.83688,2.44,1.00
2014.05.20 16:24:26.121,1.83664,1.83688,1.94,1.00
2014.05.20 16:24:27.502,1.83664,1.83692,1.94,1.39
2014.05.20 16:24:28.275,1.83664,1.83692,1.94,1.39
2014.05.20 16:24:28.624,1.83671,1.83692,1.38,1.39
2014.05.20 16:24:28.826,1.83667,1.83695,2.07,1.39
2014.05.20 16:24:28.978,1.83664,1.8369,3.19,1.20
2014.05.20 16:24:32.664,1.83669,1.83688,1.25,1.20
2014.05.20 16:24:32.872,1.83669,1.83692,1.25,1.39
2014.05.20 16:24:32.981,1.83664,1.83692,2.44,1.39
2014.05.20 16:24:33.596,1.83664,1.83692,2.44,1.09
2014.05.20 16:24:35.739,1.83667,1.83694,1.94,1.39
2014.05.20 16:24:36.069,1.83668,1.83694,1.94,1.39
2014.05.20 16:24:36.404,1.83667,1.83691,1.94,1.20
2014.05.20 16:24:36.657,1.83664,1.83693,1.94,1.09
2014.05.20 16:24:36.961,1.83662,1.83689,1.47,1.20
2014.05.20 16:24:37.062,1.83662,1.83691,1.47,1.20
2014.05.20 16:24:37.602,1.83667,1.8369,1.94,1.20
2014.05.20 16:24:37.864,1.83672,1.8369,1.25,1.20
2014.05.20 16:24:37.969,1.83672,1.83697,1.25,1.19
2014.05.20 16:24:38.182,1.83665,1.8369,1.94,1.20
2014.05.20 16:24:39.923,1.83663,1.8369,1.94,1.09
2014.05.20 16:24:44.045,1.83666,1.83692,1.94,1.39
2014.05.20 16:24:46.398,1.83664,1.83691,1.94,1.09
2014.05.20 16:24:47.793,1.83666,1.83694,1.94,1.39
2014.05.20 16:24:48.806,1.83666,1.83694,1.94,1.39
2014.05.20 16:24:52.370,1.83669,1.83696,1.94,1.39
2014.05.20 16:24:52.421,1.83669,1.83696,1.94,1.09
2014.05.20 16:24:52.932,1.83669,1.83699,1.94,1.39
2014.05.20 16:24:53.539,1.83668,1.83699,3.19,1.39
2014.05.20 16:24:55.692,1.83669,1.83699,1.94,1.39
2014.05.20 16:24:57.001,1.83668,1.83699,3.19,1.39
2014.05.20 16:24:58.942,1.83667,1.83695,1.94,1.39
2014.05.20 16:25:00.313,1.83667,1.83695,1.94,1.39
2014.05.20 16:25:00.889,1.83668,1.83697,2.44,1.84
2014.05.20 16:25:01.841,1.83668,1.83697,3.19,1.39
2014.05.20 16:25:03.430,1.83668,1.837,4.69,1.84
2014.05.20 16:25:03.581,1.83671,1.837,1.94,1.09
2014.05.20 16:25:04.020,1.83672,1.83698,1.94,1.20
2014.05.20 16:25:04.554,1.83672,1.83699,1.94,1.20
2014.05.20 16:25:05.091,1.83673,1.837,1.94,1.39
2014.05.20 16:25:06.191,1.83673,1.837,2.44,1.09
2014.05.20 16:25:06.743,1.83673,1.83699,2.44,1.00
2014.05.20 16:25:07.706,1.83673,1.83702,1.94,1.39
2014.05.20 16:25:08.027,1.83673,1.83697,1.94,1.20
2014.05.20 16:25:08.441,1.83673,1.83699,1.94,1.20
2014.05.20 16:25:08.963,1.83674,1.83701,1.69,1.39
2014.05.20 16:25:11.077,1.83674,1.83701,1.69,1.39
2014.05.20 16:25:13.313,1.83671,1.83696,3.94,1.20
2014.05.20 16:25:13.849,1.83671,1.83699,1.94,1.39
2014.05.20 16:25:14.492,1.8367,1.83699,2.44,1.39
2014.05.20 16:25:15.602,1.83671,1.837,1.94,1.39
2014.05.20 16:25:16.508,1.8367,1.83695,2.44,1.20
2014.05.20 16:25:16.926,1.8367,1.83691,1.00,1.19
2014.05.20 16:25:16.977,1.83666,1.8369,1.13,1.39
2014.05.20 16:25:17.079,1.83671,1.83691,1.00,1.19
2014.05.20 16:25:17.129,1.83671,1.83692,1.00,2.22
2014.05.20 16:25:17.230,1.83672,1.83692,1.38,1.47
2014.05.20 16:25:17.707,1.83671,1.83696,1.69,1.84
2014.05.20 16:25:18.249,1.8367,1.83696,1.94,1.84
2014.05.20 16:25:18.812,1.8367,1.83696,2.00,1.39
2014.05.20 16:25:20.750,1.8367,1.83697,1.94,1.19
2014.05.20 16:25:21.698,1.8367,1.83697,1.94,1.19
2014.05.20 16:25:23.088,1.83677,1.83696,1.00,1.39
2014.05.20 16:25:23.340,1.83674,1.83697,1.00,1.19
2014.05.20 16:25:23.643,1.83672,1.83696,1.38,1.39
2014.05.20 16:25:24.175,1.83672,1.83695,1.38,1.39
2014.05.20 16:25:24.741,1.83672,1.83695,1.63,1.39
2014.05.20 16:25:25.419,1.83672,1.83695,1.63,1.39
2014.05.20 16:25:28.689,1.83672,1.83695,1.38,1.39
2014.05.20 16:25:31.080,1.83669,1.83696,1.94,1.39
2014.05.20 16:25:32.076,1.8367,1.83696,1.69,1.84
2014.05.20 16:25:32.805,1.83671,1.83697,1.57,2.22
2014.05.20 16:25:35.490,1.83671,1.83696,1.57,1.19
2014.05.20 16:25:37.700,1.83671,1.83697,1.57,2.22
2014.05.20 16:25:38.054,1.83671,1.83697,1.57,3.12
2014.05.20 16:25:38.731,1.83671,1.83697,1.57,3.12
2014.05.20 16:25:39.282,1.83671,1.83696,1.57,1.47
2014.05.20 16:25:39.911,1.83671,1.83696,1.57,1.47
2014.05.20 16:25:40.422,1.83666,1.83696,2.59,2.22
2014.05.20 16:25:42.122,1.83666,1.83695,1.94,1.47
2014.05.20 16:25:42.708,1.83665,1.83695,1.94,1.84
2014.05.20 16:25:43.212,1.83667,1.83691,1.94,1.00
2014.05.20 16:25:43.263,1.83667,1.83694,1.94,1.19
2014.05.20 16:25:43.414,1.83664,1.83693,1.94,1.09
2014.05.20 16:25:43.465,1.83664,1.83691,2.44,1.00
2014.05.20 16:25:43.667,1.83666,1.83693,1.94,1.09
2014.05.20 16:25:43.717,1.83666,1.83694,1.94,1.39
2014.05.20 16:25:44.409,1.83665,1.83693,1.94,1.09
2014.05.20 16:25:46.195,1.83666,1.83693,2.44,1.39
2014.05.20 16:25:47.357,1.83667,1.83694,1.75,2.37
2014.05.20 16:25:47.864,1.83667,1.83691,1.38,1.19
2014.05.20 16:25:48.366,1.83667,1.83691,1.57,1.25
2014.05.20 16:25:49.013,1.83666,1.83695,1.57,2.22
2014.05.20 16:25:49.672,1.83666,1.83696,1.57,1.92
2014.05.20 16:25:50.419,1.83666,1.83696,1.57,1.92
2014.05.20 16:25:51.680,1.83666,1.83695,1.57,1.17
2014.05.20 16:25:53.427,1.83666,1.83694,2.44,2.07
2014.05.20 16:26:00.127,1.83666,1.83694,1.94,1.88
2014.05.20 16:26:00.178,1.83666,1.83695,4.84,1.00
2014.05.20 16:26:00.691,1.83667,1.83697,2.14,1.19
2014.05.20 16:26:01.220,1.83671,1.83698,1.94,1.25
2014.05.20 16:26:01.424,1.83668,1.83698,2.14,1.33
2014.05.20 16:26:03.431,1.8367,1.83697,1.69,1.19
2014.05.20 16:26:04.421,1.8367,1.83696,1.69,1.19
2014.05.20 16:26:06.114,1.8367,1.83697,1.69,1.19
2014.05.20 16:26:08.436,1.83667,1.83696,2.14,1.69
2014.05.20 16:26:09.251,1.83667,1.83696,2.14,1.19
2014.05.20 16:26:14.467,1.8367,1.83695,1.47,1.19
2014.05.20 16:26:14.518,1.8367,1.83695,1.47,1.19
2014.05.20 16:26:15.554,1.8367,1.83697,1.47,1.57
2014.05.20 16:26:16.092,1.83673,1.83698,1.00,1.19
2014.05.20 16:26:16.404,1.83671,1.83698,2.03,1.19
2014.05.20 16:26:16.764,1.83673,1.837,1.20,2.44
2014.05.20 16:26:17.866,1.83673,1.83702,1.39,2.07
2014.05.20 16:26:18.877,1.83673,1.83702,1.57,2.22
2014.05.20 16:26:24.601,1.83673,1.83702,2.44,1.47
2014.05.20 16:26:27.813,1.83671,1.83703,1.77,2.44
2014.05.20 16:26:29.660,1.83671,1.83702,2.14,1.69
2014.05.20 16:26:32.942,1.83671,1.83702,2.14,1.19
2014.05.20 16:26:33.714,1.83676,1.83698,1.77,1.00
2014.05.20 16:26:33.966,1.83674,1.837,1.19,1.77
2014.05.20 16:26:34.067,1.83667,1.83697,2.59,1.39
2014.05.20 16:26:34.118,1.83675,1.83697,1.00,1.39
2014.05.20 16:26:34.270,1.83667,1.83698,1.57,2.59
2014.05.20 16:26:34.980,1.83667,1.83696,1.77,1.32
2014.05.20 16:26:38.191,1.83666,1.83694,2.22,1.19
2014.05.20 16:26:39.301,1.83666,1.83694,2.14,1.19
2014.05.20 16:26:40.583,1.83666,1.83696,2.59,1.57
2014.05.20 16:26:42.391,1.83671,1.83699,1.84,1.19
2014.05.20 16:26:45.122,1.83671,1.83701,1.19,1.69
2014.05.20 16:26:48.665,1.83671,1.83698,1.00,1.19
2014.05.20 16:26:49.227,1.83668,1.83698,1.90,2.22
2014.05.20 16:26:49.746,1.83665,1.83695,2.59,1.39
2014.05.20 16:26:50.354,1.83665,1.83695,2.59,1.84
2014.05.20 16:26:50.933,1.83669,1.83695,1.47,1.19
2014.05.20 16:26:51.861,1.83668,1.83695,2.14,1.19
2014.05.20 16:26:52.663,1.83668,1.83696,2.14,1.19
2014.05.20 16:26:54.146,1.8367,1.83696,1.39,1.19
2014.05.20 16:26:56.255,1.83669,1.83697,1.19,1.19
2014.05.20 16:26:57.384,1.83668,1.83699,2.14,2.97
2014.05.20 16:26:58.375,1.83668,1.83699,2.59,2.59
2014.05.20 16:26:58.990,1.83669,1.83693,2.14,1.00
2014.05.20 16:26:59.532,1.83668,1.83694,1.94,1.00
2014.05.20 16:27:00.192,1.83665,1.83694,2.14,1.19
2014.05.20 16:27:00.703,1.83665,1.83694,2.14,1.19
2014.05.20 16:27:01.177,1.83665,1.83694,2.14,1.19
2014.05.20 16:27:01.627,1.83667,1.83694,1.19,1.19
2014.05.20 16:27:01.959,1.83666,1.83694,2.14,1.19
2014.05.20 16:27:02.181,1.83666,1.83693,2.14,1.19
2014.05.20 16:27:04.694,1.83664,1.83693,2.82,1.19
2014.05.20 16:27:05.695,1.83664,1.83693,2.14,1.19
2014.05.20 16:27:08.005,1.83664,1.83693,2.14,1.19
2014.05.20 16:27:10.764,1.83666,1.83695,1.84,1.19
2014.05.20 16:27:13.633,1.83665,1.83694,1.84,1.19
2014.05.20 16:27:14.635,1.83665,1.83696,1.84,1.69
2014.05.20 16:27:15.645,1.83665,1.83693,1.47,1.19
2014.05.20 16:27:17.189,1.83664,1.83693,1.84,1.19
2014.05.20 16:27:19.264,1.83664,1.83693,1.84,1.19
2014.05.20 16:27:22.174,1.83664,1.83695,1.84,1.19
2014.05.20 16:27:25.130,1.83664,1.83692,1.65,1.19
2014.05.20 16:27:26.454,1.83664,1.83693,1.84,1.19
2014.05.20 16:27:27.491,1.83666,1.83693,1.20,1.69
2014.05.20 16:27:28.612,1.83666,1.83694,1.39,1.19
2014.05.20 16:27:29.800,1.83666,1.83694,1.39,1.19
2014.05.20 16:27:30.784,1.83666,1.83693,1.39,1.19
2014.05.20 16:27:33.194,1.83666,1.83693,1.39,1.19
2014.05.20 16:27:34.236,1.83666,1.83693,1.39,1.19
2014.05.20 16:27:35.811,1.83666,1.83694,1.39,1.19
2014.05.20 16:27:37.118,1.83666,1.83694,1.39,1.19
2014.05.20 16:27:40.138,1.83666,1.83694,1.39,1.19
2014.05.20 16:27:41.667,1.83666,1.83694,1.39,1.19
2014.05.20 16:27:42.745,1.83667,1.83694,1.25,1.19
2014.05.20 16:27:43.316,1.83672,1.83694,1.00,1.19
2014.05.20 16:27:43.568,1.83669,1.83694,1.28,1.19
2014.05.20 16:27:43.719,1.83665,1.83694,2.14,1.19
2014.05.20 16:27:44.254,1.83665,1.83693,1.84,1.19
2014.05.20 16:27:44.967,1.83665,1.83692,1.84,1.19
2014.05.20 16:27:46.067,1.83665,1.83693,1.84,1.19
2014.05.20 16:27:47.199,1.83665,1.83693,1.77,1.19
2014.05.20 16:27:48.281,1.83667,1.83694,1.19,1.19
2014.05.20 16:27:48.584,1.83677,1.83694,1.00,1.19
2014.05.20 16:27:48.837,1.83673,1.83694,1.20,1.19
2014.05.20 16:27:48.888,1.83667,1.83694,1.69,1.19
2014.05.20 16:27:49.305,1.83665,1.83695,2.14,1.39
2014.05.20 16:27:51.424,1.83665,1.83695,2.14,1.84
2014.05.20 16:27:51.828,1.83659,1.83691,2.59,1.32
2014.05.20 16:27:53.619,1.83665,1.83695,1.39,2.22
2014.05.20 16:27:54.636,1.83665,1.83695,1.39,2.22
2014.05.20 16:27:56.724,1.83665,1.83693,1.77,1.19
2014.05.20 16:27:58.131,1.83665,1.83693,1.77,1.19
2014.05.20 16:27:59.741,1.83665,1.83692,1.77,1.19
2014.05.20 16:28:01.898,1.83666,1.83693,1.84,1.69
2014.05.20 16:28:03.998,1.83663,1.83694,2.22,1.69
2014.05.20 16:28:05.267,1.83664,1.83695,2.14,1.32
2014.05.20 16:28:09.604,1.83663,1.83694,2.14,2.07
2014.05.20 16:28:11.805,1.83665,1.83694,1.77,1.57
2014.05.20 16:28:13.125,1.83663,1.83691,2.14,1.19
2014.05.20 16:28:14.714,1.83663,1.83691,2.14,1.19
2014.05.20 16:28:15.092,1.83663,1.83683,1.77,1.00
2014.05.20 16:28:15.294,1.83658,1.83683,1.77,1.00
2014.05.20 16:28:16.067,1.83661,1.83686,1.63,1.25
2014.05.20 16:28:16.629,1.83664,1.83687,1.39,1.25
2014.05.20 16:28:16.931,1.83661,1.83689,1.00,3.34
2014.05.20 16:28:17.033,1.83661,1.83687,1.00,1.57
2014.05.20 16:28:17.458,1.83659,1.83683,1.28,1.69
2014.05.20 16:28:17.987,1.83656,1.83683,1.84,1.19
2014.05.20 16:28:21.884,1.83657,1.83683,1.69,1.19
2014.05.20 16:28:21.986,1.83659,1.83683,1.47,1.00
2014.05.20 16:28:22.104,1.83662,1.83687,1.00,1.19
2014.05.20 16:28:22.664,1.83659,1.83684,1.47,1.00
2014.05.20 16:28:22.715,1.83659,1.83684,1.84,1.00
2014.05.20 16:28:23.274,1.83662,1.83688,1.57,1.32
2014.05.20 16:28:24.336,1.83661,1.83689,1.57,1.84
2014.05.20 16:28:26.467,1.83662,1.83687,1.32,1.32
2014.05.20 16:28:28.310,1.83662,1.83686,1.32,1.19
2014.05.20 16:28:29.318,1.83662,1.83688,1.19,1.32
2014.05.20 16:28:30.355,1.83666,1.83689,1.00,2.22
2014.05.20 16:28:30.953,1.83662,1.83688,1.19,1.32
2014.05.20 16:28:31.122,1.83662,1.83688,1.19,1.32
2014.05.20 16:28:32.123,1.83659,1.83684,1.77,1.00
2014.05.20 16:28:33.331,1.83657,1.83684,2.14,1.25
2014.05.20 16:28:34.965,1.83662,1.83686,1.19,1.19
2014.05.20 16:28:36.964,1.83662,1.83686,1.25,1.19
2014.05.20 16:28:38.058,1.83662,1.83688,1.25,2.44
2014.05.20 16:28:39.158,1.83661,1.83685,1.25,1.19
2014.05.20 16:28:40.266,1.83661,1.83684,1.00,1.19
2014.05.20 16:28:40.933,1.83657,1.83683,2.59,1.19
2014.05.20 16:28:41.270,1.83662,1.83684,1.00,1.19
2014.05.20 16:28:41.368,1.83662,1.83688,1.25,2.44
2014.05.20 16:28:45.081,1.83662,1.83688,1.19,1.69
2014.05.20 16:28:46.231,1.83662,1.83688,1.19,2.44
2014.05.20 16:28:48.999,1.83662,1.83686,1.25,1.19
2014.05.20 16:28:50.103,1.83661,1.83683,1.00,1.19
2014.05.20 16:28:53.543,1.83657,1.83684,2.14,1.69
2014.05.20 16:28:53.695,1.83657,1.83682,1.00,1.32
2014.05.20 16:28:54.750,1.83657,1.8368,1.00,1.19
2014.05.20 16:28:55.251,1.83656,1.8368,1.25,1.19
2014.05.20 16:28:55.553,1.83656,1.83675,1.00,1.53
2014.05.20 16:28:55.654,1.83646,1.83672,1.38,2.03
2014.05.20 16:28:55.705,1.83646,1.83671,1.00,1.28
2014.05.20 16:28:55.755,1.83646,1.83668,1.00,1.32
2014.05.20 16:28:55.856,1.83641,1.83668,1.32,1.32
2014.05.20 16:28:55.927,1.83641,1.83666,1.32,1.19
2014.05.20 16:28:58.240,1.83641,1.83667,2.22,1.19
2014.05.20 16:28:59.645,1.83641,1.83668,2.22,1.32
2014.05.20 16:29:00.902,1.83641,1.83667,2.22,1.19
2014.05.20 16:29:02.396,1.83641,1.83663,1.13,1.19
2014.05.20 16:29:02.898,1.83647,1.83663,1.00,1.19
2014.05.20 16:29:03.204,1.83647,1.83667,1.00,1.19
2014.05.20 16:29:03.924,1.83646,1.83667,1.00,1.19
2014.05.20 16:29:05.804,1.83646,1.8367,1.00,1.94
2014.05.20 16:29:05.905,1.83652,1.8367,1.00,1.19
2014.05.20 16:29:06.588,1.83652,1.8367,1.00,1.19
2014.05.20 16:29:07.092,1.83652,1.83669,1.65,1.19
2014.05.20 16:29:07.610,1.83651,1.83669,1.00,1.19
2014.05.20 16:29:08.001,1.83656,1.83671,1.00,1.19
2014.05.20 16:29:08.064,1.83651,1.83671,1.00,1.19
2014.05.20 16:29:08.366,1.83653,1.83671,1.20,1.19
2014.05.20 16:29:08.669,1.83656,1.83671,1.00,1.19
2014.05.20 16:29:09.320,1.83656,1.8367,1.00,1.19
2014.05.20 16:29:10.110,1.83656,1.83672,1.00,1.19
2014.05.20 16:29:11.153,1.83651,1.83672,1.00,1.19
2014.05.20 16:29:11.685,1.83651,1.83671,1.00,1.19
2014.05.20 16:29:12.622,1.83651,1.83671,1.00,1.19
2014.05.20 16:29:13.663,1.83651,1.83671,1.00,1.19
2014.05.20 16:29:17.970,1.83657,1.83676,1.20,1.57
2014.05.20 16:29:18.476,1.83657,1.83677,1.00,1.19
2014.05.20 16:29:18.978,1.83656,1.83677,1.65,1.19
2014.05.20 16:29:19.326,1.83656,1.83675,1.00,1.19
2014.05.20 16:29:19.886,1.83657,1.83675,1.65,1.19
2014.05.20 16:29:20.076,1.83657,1.83677,1.65,1.19
2014.05.20 16:29:20.477,1.83661,1.83677,1.00,1.19
2014.05.20 16:29:21.075,1.83661,1.83678,1.00,1.19
2014.05.20 16:29:22.181,1.83661,1.83679,1.00,1.32
2014.05.20 16:29:22.501,1.83659,1.83679,1.20,1.32
2014.05.20 16:29:22.907,1.83662,1.83679,1.00,1.32
2014.05.20 16:29:23.115,1.83659,1.83679,1.20,1.32
