2017.04.11 18:00:00.036,1.66475,1.66506,1.00,1.34
2017.04.11 18:00:00.087,1.66476,1.66507,1.00,1.09
2017.04.11 18:00:00.311,1.66472,1.66501,1.34,1.00
2017.04.11 18:00:00.462,1.66473,1.66504,1.09,1.09
2017.04.11 18:00:00.664,1.66471,1.66502,1.00,1.00
2017.04.11 18:00:00.967,1.66468,1.66498,1.34,1.00
2017.04.11 18:00:01.169,1.66469,1.66501,1.34,1.50
2017.04.11 18:00:01.618,1.66469,1.66501,1.34,1.50
2017.04.11 18:00:02.172,1.66471,1.66502,1.34,1.50
2017.04.11 18:00:02.711,1.66473,1.66502,1.09,1.00
2017.04.11 18:00:02.762,1.66473,1.66505,1.09,1.84
2017.04.11 18:00:02.914,1.66478,1.66505,1.00,1.00
2017.04.11 18:00:03.147,1.66482,1.66511,1.00,1.09
2017.04.11 18:00:03.198,1.6648,1.6651,1.00,1.00
2017.04.11 18:00:03.299,1.66482,1.66511,1.00,1.00
2017.04.11 18:00:04.255,1.66482,1.66511,1.00,1.84
2017.04.11 18:00:04.306,1.66478,1.66509,1.00,1.34
2017.04.11 18:00:04.508,1.6648,1.66509,1.34,1.00
2017.04.11 18:00:04.660,1.66482,1.66511,1.00,1.00
2017.04.11 18:00:04.891,1.66479,1.66511,1.34,1.84
2017.04.11 18:00:05.395,1.66479,1.66511,1.50,1.34
2017.04.11 18:00:05.929,1.6648,1.66511,1.00,1.00
2017.04.11 18:00:06.031,1.66481,1.66512,1.00,1.34
2017.04.11 18:00:06.324,1.66474,1.66503,1.50,1.09
2017.04.11 18:00:06.626,1.66471,1.66503,1.00,1.28
2017.04.11 18:00:06.677,1.6647,1.66501,1.00,1.00
2017.04.11 18:00:07.184,1.66471,1.665,1.00,1.00
2017.04.11 18:00:07.715,1.66471,1.665,1.00,1.34
2017.04.11 18:00:08.746,1.66471,1.66497,1.00,1.84
2017.04.11 18:00:08.797,1.66466,1.66497,1.50,1.34
2017.04.11 18:00:08.900,1.66463,1.66492,1.00,1.09
2017.04.11 18:00:09.001,1.66459,1.66489,2.59,1.00
2017.04.11 18:00:09.412,1.6646,1.66491,1.34,1.00
2017.04.11 18:00:09.513,1.66463,1.66494,1.00,1.50
2017.04.11 18:00:09.715,1.66461,1.66493,1.09,1.00
2017.04.11 18:00:10.634,1.66461,1.66493,1.00,1.46
2017.04.11 18:00:10.685,1.66463,1.66493,1.00,1.00
2017.04.11 18:00:10.890,1.66461,1.66493,1.00,1.00
2017.04.11 18:00:11.294,1.66463,1.66494,1.00,1.84
2017.04.11 18:00:14.557,1.66463,1.66494,1.00,2.21
2017.04.11 18:00:14.709,1.66461,1.66493,1.00,2.21
2017.04.11 18:00:15.261,1.66461,1.66493,1.00,1.00
2017.04.11 18:00:17.209,1.66461,1.66493,1.00,1.34
2017.04.11 18:00:17.545,1.66463,1.66494,1.00,2.21
2017.04.11 18:00:17.848,1.66463,1.66494,1.00,1.71
2017.04.11 18:00:18.331,1.66463,1.66494,1.00,1.87
2017.04.11 18:00:18.685,1.66461,1.66493,1.00,1.71
2017.04.11 18:00:18.926,1.66457,1.66487,1.00,1.00
2017.04.11 18:00:19.229,1.66459,1.66488,1.00,2.59
2017.04.11 18:00:21.439,1.66459,1.66488,1.00,1.34
2017.04.11 18:00:21.540,1.66459,1.66488,1.00,1.00
2017.04.11 18:00:22.044,1.66458,1.66489,1.00,1.34
2017.04.11 18:00:22.646,1.66458,1.66489,1.00,1.00
2017.04.11 18:00:23.160,1.66458,1.66489,1.00,1.84
2017.04.11 18:00:23.261,1.66456,1.66488,1.00,1.09
2017.04.11 18:00:23.412,1.66456,1.66487,1.00,1.34
2017.04.11 18:00:23.715,1.66455,1.66487,1.00,2.21
2017.04.11 18:00:24.225,1.66455,1.66487,1.00,2.21
2017.04.11 18:00:24.534,1.66452,1.66484,1.00,2.59
2017.04.11 18:00:24.585,1.6645,1.66481,1.00,1.09
2017.04.11 18:00:24.686,1.66449,1.66479,1.50,1.00
2017.04.11 18:00:24.911,1.6645,1.66481,1.00,1.09
2017.04.11 18:00:25.319,1.66452,1.66484,1.00,1.84
2017.04.11 18:00:25.370,1.66452,1.66484,1.00,1.50
2017.04.11 18:00:25.486,1.66454,1.66484,1.00,1.00
2017.04.11 18:00:25.996,1.66454,1.66483,1.00,1.09
2017.04.11 18:00:26.520,1.66454,1.66484,1.00,1.09
2017.04.11 18:00:27.109,1.66454,1.66483,1.00,1.00
2017.04.11 18:00:27.613,1.66453,1.66483,1.00,1.84
2017.04.11 18:00:29.981,1.66453,1.66483,1.00,1.34
2017.04.11 18:00:30.486,1.66452,1.66482,1.00,1.34
2017.04.11 18:00:30.538,1.66452,1.66482,1.00,1.00
2017.04.11 18:00:30.941,1.66453,1.66483,1.00,1.34
2017.04.11 18:00:31.164,1.66451,1.66483,1.00,1.84
2017.04.11 18:00:31.265,1.66451,1.66483,1.00,1.34
2017.04.11 18:00:31.467,1.66452,1.66484,1.00,1.09
2017.04.11 18:00:31.517,1.66454,1.66485,1.00,1.09
2017.04.11 18:00:31.821,1.66456,1.66486,1.00,1.34
2017.04.11 18:00:32.411,1.66456,1.66486,1.00,1.34
2017.04.11 18:00:32.941,1.66456,1.66486,1.00,1.09
2017.04.11 18:00:37.902,1.66456,1.66486,1.00,1.34
2017.04.11 18:00:38.448,1.66456,1.66486,1.00,1.09
2017.04.11 18:00:39.060,1.66456,1.66486,1.00,1.34
2017.04.11 18:00:39.363,1.66459,1.66488,1.00,1.00
2017.04.11 18:00:39.565,1.6646,1.6649,1.00,1.09
2017.04.11 18:00:40.131,1.6646,1.66489,1.00,1.00
2017.04.11 18:00:41.640,1.66458,1.66488,1.00,1.00
2017.04.11 18:00:44.039,1.66456,1.66488,1.00,1.50
2017.04.11 18:00:44.549,1.66455,1.66486,1.00,1.00
2017.04.11 18:00:45.067,1.66455,1.66487,1.00,1.50
2017.04.11 18:00:46.763,1.66455,1.66486,1.00,1.00
2017.04.11 18:00:47.066,1.66452,1.66478,1.00,1.00
2017.04.11 18:00:47.167,1.66445,1.66475,1.00,1.00
2017.04.11 18:00:47.369,1.66443,1.66475,1.00,1.00
2017.04.11 18:00:48.744,1.66443,1.66475,1.00,1.84
2017.04.11 18:00:49.735,1.66443,1.66475,1.00,1.34
2017.04.11 18:00:50.305,1.66443,1.66475,1.00,1.00
2017.04.11 18:00:51.733,1.66444,1.66476,1.00,1.09
2017.04.11 18:00:52.446,1.66446,1.66477,1.00,1.50
2017.04.11 18:00:52.749,1.66444,1.66476,1.00,1.00
2017.04.11 18:00:53.377,1.66443,1.66475,1.00,1.00
2017.04.11 18:00:53.478,1.66442,1.66473,1.00,1.00
2017.04.11 18:00:56.009,1.66442,1.66473,1.00,1.34
2017.04.11 18:00:58.110,1.66442,1.66473,1.00,1.09
2017.04.11 18:00:58.485,1.66442,1.66471,1.00,1.34
2017.04.11 18:00:58.586,1.6644,1.6647,1.00,1.09
2017.04.11 18:01:07.020,1.6644,1.66466,1.00,1.34
2017.04.11 18:01:07.071,1.66435,1.66464,1.00,1.00
2017.04.11 18:01:07.273,1.66437,1.66468,1.00,1.50
2017.04.11 18:01:07.819,1.66437,1.66468,1.34,1.00
2017.04.11 18:01:08.551,1.66437,1.66468,1.09,1.00
2017.04.11 18:01:09.751,1.66435,1.66467,1.00,1.00
2017.04.11 18:01:10.279,1.66435,1.66467,1.34,1.00
2017.04.11 18:01:10.780,1.66434,1.66463,1.00,1.00
2017.04.11 18:01:12.499,1.66436,1.66467,1.00,1.09
2017.04.11 18:01:13.122,1.66436,1.66467,1.00,1.34
2017.04.11 18:01:13.667,1.66436,1.66467,1.00,1.00
2017.04.11 18:01:14.117,1.66434,1.66466,1.00,1.00
2017.04.11 18:01:15.172,1.66433,1.66464,1.00,1.00
2017.04.11 18:01:16.361,1.66435,1.66465,1.00,1.00
2017.04.11 18:01:16.660,1.66433,1.66464,1.00,1.00
2017.04.11 18:01:17.504,1.66435,1.66465,1.00,1.50
2017.04.11 18:01:21.165,1.66436,1.66466,1.00,1.84
2017.04.11 18:01:21.694,1.66435,1.66467,1.00,1.50
2017.04.11 18:01:28.409,1.66437,1.66468,1.34,1.50
2017.04.11 18:01:28.712,1.66438,1.6647,1.84,1.00
2017.04.11 18:01:29.258,1.66438,1.6647,1.09,1.09
2017.04.11 18:01:30.080,1.66438,1.6647,1.34,1.00
2017.04.11 18:01:30.689,1.66438,1.6647,1.00,1.00
2017.04.11 18:01:31.351,1.66438,1.66469,1.00,1.00
2017.04.11 18:01:34.753,1.66437,1.66468,1.09,1.00
2017.04.11 18:01:34.905,1.66437,1.66468,1.00,1.84
2017.04.11 18:01:35.107,1.66433,1.66464,1.00,1.50
2017.04.11 18:01:35.620,1.66431,1.66462,1.09,1.00
2017.04.11 18:01:36.124,1.66432,1.66462,1.00,1.50
2017.04.11 18:01:42.909,1.66434,1.66463,1.00,1.50
2017.04.11 18:01:43.212,1.66435,1.66467,1.34,1.50
2017.04.11 18:01:43.313,1.66435,1.66467,1.34,1.50
2017.04.11 18:01:43.860,1.66437,1.66468,1.00,2.25
2017.04.11 18:01:43.911,1.66435,1.66467,1.00,1.50
2017.04.11 18:01:44.210,1.66437,1.66467,1.00,1.00
2017.04.11 18:01:44.618,1.66439,1.66467,1.00,1.00
2017.04.11 18:01:45.096,1.66437,1.66468,1.00,1.50
2017.04.11 18:01:45.599,1.66438,1.66467,1.00,1.00
2017.04.11 18:01:45.937,1.66435,1.66465,1.00,1.00
2017.04.11 18:01:46.038,1.66435,1.66467,1.00,2.25
2017.04.11 18:01:46.442,1.66437,1.66468,1.00,1.84
2017.04.11 18:01:46.946,1.66438,1.66467,1.00,1.00
2017.04.11 18:01:47.790,1.66438,1.66467,1.34,1.00
2017.04.11 18:01:48.375,1.66439,1.66468,1.00,1.00
2017.04.11 18:01:52.995,1.66439,1.66468,1.34,1.00
2017.04.11 18:01:53.529,1.66439,1.66468,1.09,1.00
2017.04.11 18:01:53.632,1.66439,1.66471,1.09,1.84
2017.04.11 18:01:55.466,1.66442,1.66471,1.00,1.00
2017.04.11 18:01:55.920,1.66445,1.66476,1.00,1.50
2017.04.11 18:01:56.122,1.66447,1.66476,1.00,1.00
2017.04.11 18:01:56.425,1.66455,1.66485,1.00,1.00
2017.04.11 18:01:56.742,1.66453,1.66484,2.25,1.09
2017.04.11 18:01:56.793,1.66453,1.66481,1.00,1.34
2017.04.11 18:01:57.348,1.6645,1.66481,1.00,1.00
2017.04.11 18:01:57.809,1.66452,1.66482,1.00,1.50
2017.04.11 18:01:58.148,1.6645,1.66481,1.50,1.00
2017.04.11 18:01:58.696,1.66451,1.66483,1.00,1.84
2017.04.11 18:01:59.846,1.6645,1.66481,1.00,1.00
2017.04.11 18:02:00.226,1.66452,1.66483,1.00,1.00
2017.04.11 18:02:00.528,1.66454,1.66483,1.00,1.00
2017.04.11 18:02:00.730,1.66452,1.66483,1.00,1.00
2017.04.11 18:02:00.952,1.66454,1.66483,1.00,1.00
2017.04.11 18:02:01.617,1.66454,1.66482,1.00,1.00
2017.04.11 18:02:02.120,1.66454,1.66483,1.00,1.00
2017.04.11 18:02:02.630,1.66454,1.66482,1.00,1.00
2017.04.11 18:02:03.181,1.66454,1.66483,1.00,1.00
2017.04.11 18:02:03.711,1.66452,1.66483,1.34,1.00
2017.04.11 18:02:04.287,1.66454,1.66483,1.00,1.00
2017.04.11 18:02:04.821,1.66451,1.66483,1.34,1.50
2017.04.11 18:02:05.123,1.66451,1.66483,1.34,1.00
2017.04.11 18:02:05.628,1.66455,1.66484,1.00,1.00
2017.04.11 18:02:06.267,1.66452,1.66484,1.00,1.09
2017.04.11 18:02:06.318,1.6645,1.66481,1.00,1.00
2017.04.11 18:02:06.671,1.66451,1.6648,1.34,1.00
2017.04.11 18:02:06.722,1.66454,1.66483,1.00,1.00
2017.04.11 18:02:07.166,1.66452,1.66483,1.09,1.00
2017.04.11 18:02:07.624,1.66458,1.66489,1.09,2.25
2017.04.11 18:02:07.955,1.66461,1.66492,1.00,1.00
2017.04.11 18:02:08.257,1.66463,1.66492,1.00,1.00
2017.04.11 18:02:09.275,1.66463,1.66494,1.00,1.00
2017.04.11 18:02:10.776,1.66462,1.66493,1.00,1.00
2017.04.11 18:02:11.642,1.6646,1.66492,1.34,1.50
2017.04.11 18:02:12.241,1.6646,1.66492,1.00,1.00
2017.04.11 18:02:12.940,1.66459,1.66491,1.00,1.84
2017.04.11 18:02:13.226,1.66458,1.66489,1.00,1.00
2017.04.11 18:02:16.676,1.66458,1.66489,1.00,1.34
2017.04.11 18:02:17.178,1.66458,1.66487,1.00,1.09
2017.04.11 18:02:17.480,1.66459,1.66491,1.84,1.00
2017.04.11 18:02:17.582,1.66462,1.66493,1.00,1.00
2017.04.11 18:02:19.178,1.66462,1.66491,1.00,1.00
2017.04.11 18:02:22.342,1.66462,1.66493,1.00,1.00
2017.04.11 18:02:22.543,1.66463,1.66495,1.00,3.00
2017.04.11 18:02:22.869,1.66462,1.66493,1.00,1.00
2017.04.11 18:02:23.277,1.66464,1.66494,1.00,1.00
2017.04.11 18:02:23.791,1.66464,1.66495,1.00,1.50
2017.04.11 18:02:24.944,1.66464,1.66496,1.00,1.50
2017.04.11 18:02:28.004,1.66464,1.66496,1.34,1.00
2017.04.11 18:02:28.307,1.66466,1.66497,1.34,1.00
2017.04.11 18:02:28.821,1.66466,1.66497,1.09,1.50
2017.04.11 18:02:29.325,1.66467,1.66496,1.00,1.00
2017.04.11 18:02:30.182,1.66467,1.66498,1.00,1.00
2017.04.11 18:02:30.702,1.66467,1.66499,1.00,1.50
2017.04.11 18:02:30.753,1.66468,1.66497,1.00,1.00
2017.04.11 18:02:30.904,1.6647,1.66501,1.00,1.00
2017.04.11 18:02:30.955,1.66468,1.66498,1.09,1.00
2017.04.11 18:02:31.459,1.66467,1.66499,1.09,1.50
2017.04.11 18:02:31.863,1.66466,1.66497,1.34,1.00
2017.04.11 18:02:31.913,1.66466,1.66497,1.09,1.00
2017.04.11 18:02:32.115,1.66466,1.66497,1.84,1.00
2017.04.11 18:02:32.276,1.66468,1.665,1.34,1.00
2017.04.11 18:02:32.449,1.66468,1.665,1.34,1.50
2017.04.11 18:02:32.499,1.66468,1.66498,1.34,1.00
2017.04.11 18:02:32.651,1.66466,1.66497,1.09,1.00
2017.04.11 18:02:32.970,1.66466,1.66497,1.34,1.00
2017.04.11 18:02:33.071,1.66469,1.66499,1.09,1.00
2017.04.11 18:02:33.494,1.66467,1.66498,1.00,1.12
2017.04.11 18:02:34.020,1.66467,1.66499,1.00,1.87
2017.04.11 18:02:34.383,1.66466,1.66497,1.09,1.00
2017.04.11 18:02:34.693,1.66466,1.66495,1.00,1.46
2017.04.11 18:02:34.794,1.66459,1.66491,1.00,1.84
2017.04.11 18:02:35.302,1.66459,1.6649,1.00,1.00
2017.04.11 18:02:35.667,1.6646,1.66492,1.00,2.25
2017.04.11 18:02:36.204,1.66461,1.66492,1.00,1.00
2017.04.11 18:02:36.355,1.66461,1.66487,1.00,1.00
2017.04.11 18:02:36.406,1.66456,1.66487,1.00,1.00
2017.04.11 18:02:36.558,1.66452,1.66483,1.34,1.00
2017.04.11 18:02:36.860,1.66452,1.66481,1.00,1.00
2017.04.11 18:02:37.378,1.6645,1.6648,1.34,1.00
2017.04.11 18:02:37.921,1.6645,1.6648,1.34,1.00
2017.04.11 18:02:38.118,1.66451,1.66482,1.34,1.00
2017.04.11 18:02:39.130,1.66451,1.66482,1.34,1.37
2017.04.11 18:02:39.785,1.6645,1.66482,1.84,1.12
2017.04.11 18:02:41.890,1.6645,1.66482,1.09,1.50
2017.04.11 18:02:45.831,1.6645,1.66482,1.00,2.21
2017.04.11 18:02:46.205,1.66445,1.66477,1.84,1.00
2017.04.11 18:02:46.709,1.66446,1.66476,1.00,1.00
2017.04.11 18:02:47.203,1.66446,1.66478,1.00,1.00
2017.04.11 18:02:48.288,1.66446,1.66478,1.00,2.21
2017.04.11 18:02:48.590,1.66445,1.66474,1.00,1.00
2017.04.11 18:02:49.391,1.66445,1.66477,1.00,1.12
2017.04.11 18:02:49.594,1.66446,1.66473,1.00,1.09
2017.04.11 18:02:49.695,1.66439,1.66468,1.00,1.00
2017.04.11 18:02:49.796,1.66435,1.66467,1.50,1.00
2017.04.11 18:02:49.998,1.66434,1.66463,1.00,1.00
2017.04.11 18:02:50.510,1.66434,1.66465,1.00,1.00
2017.04.11 18:02:50.820,1.66434,1.66463,1.00,1.00
2017.04.11 18:02:50.921,1.6643,1.66461,1.00,1.00
2017.04.11 18:02:51.425,1.66429,1.6646,1.00,1.34
2017.04.11 18:02:51.476,1.66427,1.66459,1.50,1.09
2017.04.11 18:02:51.678,1.66435,1.66459,1.00,1.00
2017.04.11 18:02:51.780,1.66435,1.66467,1.50,1.09
2017.04.11 18:02:52.235,1.66435,1.66466,1.00,1.09
2017.04.11 18:02:52.286,1.66433,1.66464,1.00,1.00
2017.04.11 18:02:52.703,1.66433,1.66464,1.00,2.21
2017.04.11 18:02:52.804,1.66431,1.66461,1.00,1.09
2017.04.11 18:02:52.905,1.66428,1.66458,1.00,1.00
2017.04.11 18:02:53.471,1.66429,1.66458,1.00,1.00
2017.04.11 18:02:53.723,1.66431,1.66461,1.00,1.09
2017.04.11 18:02:53.925,1.66429,1.6646,1.00,1.09
2017.04.11 18:02:54.827,1.66429,1.66456,1.00,1.00
2017.04.11 18:02:54.878,1.66425,1.66454,1.50,1.00
2017.04.11 18:02:54.979,1.66423,1.66453,1.00,1.00
2017.04.11 18:02:55.483,1.66422,1.66452,1.00,1.00
2017.04.11 18:02:55.685,1.66422,1.66454,1.00,1.00
2017.04.11 18:02:56.060,1.66425,1.66454,1.00,1.00
2017.04.11 18:02:56.257,1.66421,1.66453,1.50,2.21
2017.04.11 18:02:56.308,1.66421,1.66451,1.00,1.00
2017.04.11 18:02:56.409,1.66421,1.66453,1.50,1.09
2017.04.11 18:02:56.610,1.66423,1.66453,1.00,1.84
2017.04.11 18:02:56.712,1.6642,1.66451,1.00,1.00
2017.04.11 18:02:56.813,1.66418,1.6645,1.50,1.00
2017.04.11 18:02:57.380,1.66418,1.66448,1.00,1.00
2017.04.11 18:02:58.091,1.66416,1.66448,1.00,1.00
2017.04.11 18:03:00.386,1.66418,1.66448,1.00,1.09
2017.04.11 18:03:01.889,1.6642,1.66451,1.00,1.00
2017.04.11 18:03:01.990,1.66422,1.66451,1.00,1.00
2017.04.11 18:03:02.222,1.66418,1.6645,1.50,1.00
2017.04.11 18:03:02.485,1.6642,1.66451,1.00,1.50
2017.04.11 18:03:04.108,1.66418,1.6645,1.00,1.00
2017.04.11 18:03:04.239,1.66421,1.6645,1.00,1.00
2017.04.11 18:03:04.493,1.66419,1.66449,1.00,1.00
2017.04.11 18:03:04.594,1.66422,1.66451,1.00,1.09
2017.04.11 18:03:04.897,1.6642,1.66451,1.00,1.00
2017.04.11 18:03:05.410,1.66421,1.66452,1.00,1.00
2017.04.11 18:03:05.921,1.66419,1.6645,1.00,1.00
2017.04.11 18:03:06.448,1.66419,1.66451,1.00,1.00
2017.04.11 18:03:07.096,1.66417,1.66448,1.00,1.00
2017.04.11 18:03:07.436,1.66417,1.66446,1.00,1.00
2017.04.11 18:03:07.537,1.66414,1.66445,1.00,1.12
2017.04.11 18:03:07.638,1.66411,1.66441,1.00,1.00
2017.04.11 18:03:08.911,1.6641,1.66439,1.00,1.00
2017.04.11 18:03:09.639,1.6641,1.66442,1.00,1.00
2017.04.11 18:03:09.942,1.66415,1.66445,1.00,1.00
2017.04.11 18:03:10.475,1.66416,1.66445,1.00,1.00
2017.04.11 18:03:10.526,1.66413,1.66444,1.00,1.00
2017.04.11 18:03:10.795,1.66412,1.66442,1.00,1.00
2017.04.11 18:03:18.948,1.6641,1.66442,1.00,1.00
2017.04.11 18:03:19.546,1.66411,1.66443,1.00,1.00
2017.04.11 18:03:20.051,1.66413,1.66444,1.00,1.00
2017.04.11 18:03:20.560,1.66413,1.66443,1.00,1.00
2017.04.11 18:03:21.143,1.66413,1.66444,1.00,1.84
2017.04.11 18:03:21.647,1.66413,1.66443,1.00,1.00
2017.04.11 18:03:21.748,1.66411,1.66443,1.00,1.50
2017.04.11 18:03:23.158,1.66414,1.66443,1.00,1.50
2017.04.11 18:03:24.014,1.66412,1.66442,1.00,1.00
2017.04.11 18:03:25.064,1.66412,1.66441,1.00,1.00
2017.04.11 18:03:25.317,1.6641,1.66442,1.00,1.50
2017.04.11 18:03:32.352,1.66412,1.66442,1.00,1.00
2017.04.11 18:03:32.877,1.66413,1.66443,1.00,1.09
2017.04.11 18:03:33.479,1.66413,1.66444,1.00,3.34
2017.04.11 18:03:34.604,1.66413,1.66443,1.00,1.00
2017.04.11 18:03:35.057,1.66413,1.66441,1.00,1.00
2017.04.11 18:03:35.108,1.66413,1.66444,1.00,2.59
2017.04.11 18:03:35.209,1.66413,1.66442,1.00,1.00
2017.04.11 18:03:35.260,1.66411,1.66442,1.00,1.00
2017.04.11 18:03:35.361,1.6641,1.66439,1.50,1.00
2017.04.11 18:03:35.664,1.6642,1.66448,1.00,1.00
2017.04.11 18:03:35.765,1.66422,1.66453,1.00,1.09
2017.04.11 18:03:36.702,1.66422,1.66454,1.00,1.84
2017.04.11 18:03:36.753,1.66422,1.66451,1.00,1.09
2017.04.11 18:03:36.854,1.6642,1.66451,1.00,1.84
2017.04.11 18:03:37.157,1.66418,1.66448,1.00,1.00
2017.04.11 18:03:37.690,1.66418,1.6645,1.00,1.84
2017.04.11 18:03:38.051,1.66417,1.66449,1.00,1.84
2017.04.11 18:03:38.152,1.66415,1.66446,1.00,1.09
2017.04.11 18:03:38.380,1.66416,1.66448,1.00,1.50
2017.04.11 18:03:39.048,1.66416,1.66447,1.00,1.00
2017.04.11 18:03:39.552,1.66415,1.66446,1.00,1.00
2017.04.11 18:03:40.067,1.66416,1.66447,1.00,1.00
2017.04.11 18:03:40.582,1.66415,1.66446,1.00,1.00
2017.04.11 18:03:41.149,1.66416,1.66447,1.00,1.00
2017.04.11 18:03:41.669,1.66416,1.66448,1.00,1.09
2017.04.11 18:03:42.198,1.66417,1.66449,1.00,2.21
2017.04.11 18:03:43.318,1.66417,1.66447,1.00,1.00
2017.04.11 18:03:43.863,1.66417,1.66449,1.00,1.50
2017.04.11 18:03:43.964,1.6642,1.66449,1.00,1.50
2017.04.11 18:03:44.166,1.66417,1.66449,1.00,1.00
2017.04.11 18:03:45.946,1.66416,1.66448,1.00,1.00
2017.04.11 18:03:46.430,1.66419,1.66448,1.09,1.00
2017.04.11 18:03:46.481,1.6642,1.6645,1.00,1.50
2017.04.11 18:03:46.531,1.66422,1.6645,1.00,1.00
2017.04.11 18:03:46.583,1.66423,1.66452,1.00,1.50
2017.04.11 18:03:46.684,1.66423,1.66454,1.00,1.09
2017.04.11 18:03:47.957,1.66427,1.66458,1.00,1.09
2017.04.11 18:03:48.491,1.66428,1.6646,1.00,2.59
2017.04.11 18:03:54.150,1.66428,1.66457,1.00,1.50
2017.04.11 18:03:54.251,1.66425,1.66457,1.00,1.00
2017.04.11 18:03:54.403,1.66424,1.66455,1.00,1.00
2017.04.11 18:03:54.554,1.66421,1.66453,1.00,1.50
2017.04.11 18:03:55.021,1.66425,1.66455,1.50,1.37
2017.04.11 18:03:55.173,1.66424,1.66456,1.00,1.09
2017.04.11 18:03:55.752,1.66425,1.66457,1.00,1.50
2017.04.11 18:03:56.103,1.66425,1.66456,1.00,1.34
2017.04.11 18:03:56.406,1.66427,1.66458,1.00,1.09
2017.04.11 18:03:56.751,1.66425,1.66457,1.00,1.50
2017.04.11 18:03:56.949,1.66427,1.66458,1.00,1.84
2017.04.11 18:03:57.156,1.66425,1.66457,1.00,1.00
2017.04.11 18:03:57.848,1.66428,1.66457,1.00,1.00
2017.04.11 18:04:01.709,1.66425,1.66457,1.00,1.00
2017.04.11 18:04:03.332,1.66425,1.66457,1.00,1.34
2017.04.11 18:04:03.685,1.66423,1.66454,1.00,1.00
2017.04.11 18:04:05.181,1.66424,1.66456,1.00,1.00
2017.04.11 18:04:10.584,1.66424,1.66456,1.00,1.34
2017.04.11 18:04:10.786,1.66421,1.66453,1.00,1.00
2017.04.11 18:04:10.938,1.66423,1.66453,1.00,1.00
2017.04.11 18:04:11.089,1.66421,1.66453,1.00,1.00
2017.04.11 18:04:11.593,1.6642,1.66452,1.50,1.00
2017.04.11 18:04:12.110,1.66422,1.66452,1.00,1.00
2017.04.11 18:04:12.568,1.6642,1.66452,1.00,1.09
2017.04.11 18:04:13.315,1.66421,1.66453,1.00,1.46
2017.04.11 18:04:14.053,1.66421,1.66453,1.00,1.84
2017.04.11 18:04:15.647,1.66421,1.66453,1.00,2.21
2017.04.11 18:04:16.648,1.66421,1.66453,1.00,1.00
2017.04.11 18:04:19.882,1.66424,1.66453,1.00,1.00
2017.04.11 18:04:20.373,1.66424,1.66456,1.00,1.84
2017.04.11 18:04:20.491,1.66424,1.66456,1.00,1.84
2017.04.11 18:04:21.728,1.66424,1.66456,1.00,1.84
2017.04.11 18:04:27.235,1.66424,1.66456,1.00,1.34
2017.04.11 18:04:27.743,1.66424,1.66456,1.00,1.34
2017.04.11 18:04:28.344,1.66424,1.66456,1.00,1.34
2017.04.11 18:04:29.290,1.66424,1.66456,1.00,1.34
2017.04.11 18:04:30.413,1.66425,1.66457,1.00,1.34
2017.04.11 18:04:31.613,1.66428,1.66457,1.00,1.34
2017.04.11 18:04:32.117,1.66428,1.66457,1.00,1.00
2017.04.11 18:04:32.406,1.66426,1.66456,1.00,1.00
2017.04.11 18:04:34.034,1.66426,1.66451,1.00,1.00
2017.04.11 18:04:34.579,1.66427,1.66451,1.00,1.00
2017.04.11 18:04:35.147,1.66426,1.66451,1.00,1.00
2017.04.11 18:04:37.647,1.66426,1.66456,1.00,1.00
2017.04.11 18:04:43.935,1.66427,1.66458,1.00,1.00
2017.04.11 18:04:44.628,1.66428,1.66458,1.00,1.00
2017.04.11 18:04:45.133,1.66426,1.66458,1.00,1.00
2017.04.11 18:04:45.398,1.66429,1.66458,1.00,1.00
2017.04.11 18:04:47.446,1.66431,1.66461,1.00,1.84
2017.04.11 18:04:47.707,1.66429,1.66461,1.00,1.34
2017.04.11 18:04:51.025,1.66431,1.66461,1.00,1.00
2017.04.11 18:04:51.127,1.66433,1.66464,1.00,1.00
2017.04.11 18:04:51.336,1.66433,1.66464,1.00,1.34
2017.04.11 18:04:51.479,1.6643,1.66462,1.50,1.09
2017.04.11 18:04:51.833,1.66433,1.66463,1.00,1.00
2017.04.11 18:04:51.884,1.66433,1.66465,1.00,1.09
2017.04.11 18:04:51.935,1.66432,1.66463,1.00,1.00
2017.04.11 18:04:52.036,1.66433,1.66465,1.00,1.00
2017.04.11 18:04:52.540,1.66434,1.66464,1.00,1.00
2017.04.11 18:04:52.966,1.66436,1.66467,1.00,2.59
2017.04.11 18:04:53.318,1.66436,1.66467,1.00,1.84
2017.04.11 18:04:53.830,1.66437,1.66466,1.00,1.00
2017.04.11 18:04:53.982,1.66437,1.66468,1.00,1.00
2017.04.11 18:04:56.670,1.66437,1.66469,1.00,1.50
2017.04.11 18:04:57.195,1.66437,1.66468,1.00,1.00
2017.04.11 18:04:59.759,1.66437,1.66469,1.00,1.84
2017.04.11 18:04:59.810,1.66437,1.66467,1.00,1.00
2017.04.11 18:05:00.418,1.66436,1.66466,1.00,1.00
2017.04.11 18:05:00.469,1.66434,1.66466,1.00,1.50
2017.04.11 18:05:00.520,1.66436,1.66466,1.00,1.00
2017.04.11 18:05:02.254,1.66436,1.66467,1.00,1.50
2017.04.11 18:05:02.405,1.66438,1.6647,1.00,1.50
2017.04.11 18:05:02.507,1.6644,1.6647,1.34,1.00
2017.04.11 18:05:02.658,1.66445,1.66475,1.00,1.00
2017.04.11 18:05:02.709,1.66445,1.66477,1.00,1.09
2017.04.11 18:05:03.045,1.66444,1.66475,1.00,1.00
2017.04.11 18:05:04.962,1.66444,1.66474,1.00,1.00
2017.04.11 18:05:05.064,1.66442,1.66474,1.00,1.00
2017.04.11 18:05:05.343,1.66442,1.66472,1.00,1.00
2017.04.11 18:05:06.049,1.66442,1.66474,1.84,1.00
2017.04.11 18:05:06.150,1.66445,1.66474,1.00,1.00
2017.04.11 18:05:07.138,1.66445,1.66476,1.00,1.84
2017.04.11 18:05:07.316,1.66445,1.66473,1.00,1.09
2017.04.11 18:05:07.468,1.66442,1.66474,1.00,1.84
2017.04.11 18:05:07.569,1.66442,1.66472,1.00,1.00
2017.04.11 18:05:07.771,1.6644,1.66471,1.00,1.00
2017.04.11 18:05:08.427,1.66441,1.66473,1.00,1.50
2017.04.11 18:05:10.427,1.6644,1.66471,1.00,1.00
2017.04.11 18:05:15.943,1.66442,1.66472,1.00,1.00
2017.04.11 18:05:17.054,1.6644,1.66471,1.00,1.50
2017.04.11 18:05:17.155,1.66439,1.66469,1.00,1.00
2017.04.11 18:05:17.766,1.66438,1.66468,1.00,1.00
2017.04.11 18:05:21.970,1.66438,1.6647,1.00,1.09
2017.04.11 18:05:23.576,1.6644,1.66471,1.00,1.34
2017.04.11 18:05:24.080,1.66439,1.6647,1.00,1.00
2017.04.11 18:05:24.581,1.66438,1.66469,1.00,1.00
2017.04.11 18:05:25.097,1.66438,1.6647,1.50,1.00
2017.04.11 18:05:26.537,1.66438,1.66466,1.00,1.00
2017.04.11 18:05:34.392,1.66438,1.66466,1.09,1.00
2017.04.11 18:05:37.284,1.66438,1.66467,1.00,1.00
2017.04.11 18:05:39.327,1.66438,1.66468,1.00,1.00
2017.04.11 18:05:39.428,1.66438,1.6647,1.00,1.00
2017.04.11 18:05:39.529,1.6644,1.66471,1.00,1.50
2017.04.11 18:05:39.855,1.66442,1.66472,1.00,1.00
2017.04.11 18:05:40.158,1.66441,1.6647,1.00,1.00
2017.04.11 18:05:40.259,1.66441,1.66472,1.00,1.00
2017.04.11 18:05:40.461,1.66438,1.6647,1.00,1.34
2017.04.11 18:05:40.825,1.66436,1.66467,1.00,1.00
2017.04.11 18:05:41.104,1.66437,1.66469,1.00,1.84
2017.04.11 18:05:41.354,1.66436,1.66467,1.00,1.00
2017.04.11 18:05:43.068,1.66436,1.66467,1.46,1.00
2017.04.11 18:05:43.119,1.66437,1.66469,1.12,1.00
2017.04.11 18:05:48.245,1.66438,1.6647,1.00,1.00
2017.04.11 18:05:49.348,1.6644,1.6647,1.00,1.00
2017.04.11 18:05:49.449,1.66441,1.66473,1.00,1.00
2017.04.11 18:05:50.539,1.66442,1.66474,1.00,1.50
2017.04.11 18:05:50.690,1.66441,1.66473,1.00,1.84
2017.04.11 18:05:50.943,1.66439,1.6647,1.50,1.00
2017.04.11 18:05:51.145,1.66441,1.66473,1.00,2.21
2017.04.11 18:05:52.235,1.6644,1.66472,1.12,1.00
2017.04.11 18:05:52.447,1.66442,1.66472,1.00,1.00
2017.04.11 18:05:53.588,1.66442,1.6647,1.00,1.00
2017.04.11 18:05:53.638,1.66443,1.66472,1.00,1.09
2017.04.11 18:05:53.920,1.6644,1.66471,1.00,1.00
2017.04.11 18:05:54.577,1.6644,1.66472,1.00,1.84
2017.04.11 18:05:54.628,1.6644,1.6647,1.00,1.00
2017.04.11 18:05:55.057,1.6644,1.66472,1.34,1.00
2017.04.11 18:05:55.586,1.66442,1.66473,1.00,1.50
2017.04.11 18:05:55.838,1.66444,1.66475,1.00,1.00
2017.04.11 18:05:56.376,1.66447,1.66479,1.00,1.84
2017.04.11 18:05:56.679,1.66452,1.66477,1.00,1.00
2017.04.11 18:05:56.729,1.66452,1.66482,1.00,1.50
2017.04.11 18:05:58.164,1.66452,1.66483,1.00,1.00
2017.04.11 18:05:58.678,1.66453,1.66484,1.00,1.00
2017.04.11 18:05:59.048,1.66455,1.66486,1.00,1.84
2017.04.11 18:05:59.558,1.66456,1.66486,1.00,1.09
2017.04.11 18:06:00.138,1.66456,1.66485,1.00,1.00
2017.04.11 18:06:00.645,1.66456,1.66486,1.00,1.09
2017.04.11 18:06:03.436,1.66456,1.66485,1.00,1.00
2017.04.11 18:06:03.956,1.66456,1.66486,1.00,1.84
2017.04.11 18:06:05.340,1.66457,1.66486,1.00,1.09
2017.04.11 18:06:08.843,1.66455,1.66486,1.00,1.09
2017.04.11 18:06:12.786,1.66456,1.66485,1.00,1.09
2017.04.11 18:06:13.291,1.66455,1.66485,1.00,1.00
2017.04.11 18:06:14.860,1.66454,1.66485,1.00,1.50
2017.04.11 18:06:15.062,1.66456,1.66485,1.00,1.00
2017.04.11 18:06:15.600,1.66455,1.66485,1.00,1.00
2017.04.11 18:06:15.751,1.66452,1.66483,1.00,1.00
2017.04.11 18:06:16.256,1.66453,1.66485,1.00,1.84
2017.04.11 18:06:16.804,1.66453,1.66485,1.00,1.34
2017.04.11 18:06:20.719,1.66453,1.66485,1.09,1.00
2017.04.11 18:06:20.769,1.66455,1.66486,1.00,1.50
2017.04.11 18:06:20.870,1.66453,1.66485,1.09,1.00
2017.04.11 18:06:21.902,1.66453,1.66484,1.09,1.00
2017.04.11 18:06:24.370,1.66453,1.66483,1.09,1.00
2017.04.11 18:06:25.392,1.66454,1.66485,1.00,1.00
2017.04.11 18:06:25.493,1.66457,1.66487,1.00,1.34
2017.04.11 18:06:25.998,1.66456,1.66485,1.00,1.00
2017.04.11 18:06:27.189,1.66458,1.66485,1.00,1.00
2017.04.11 18:06:27.240,1.6646,1.66489,1.00,1.00
2017.04.11 18:06:27.492,1.66464,1.66493,1.00,1.09
2017.04.11 18:06:27.593,1.66466,1.66496,1.00,1.50
2017.04.11 18:06:28.069,1.66468,1.66497,1.00,2.59
2017.04.11 18:06:28.611,1.66468,1.66496,1.00,1.00
2017.04.11 18:06:29.365,1.66468,1.66497,1.00,2.25
2017.04.11 18:06:29.908,1.66465,1.66496,1.00,1.00
2017.04.11 18:06:30.290,1.66463,1.66495,1.00,1.50
2017.04.11 18:06:31.173,1.66463,1.66494,1.00,1.00
2017.04.11 18:06:31.687,1.66463,1.66495,1.00,1.50
2017.04.11 18:06:32.192,1.66464,1.66495,1.00,1.00
2017.04.11 18:06:32.704,1.66464,1.66494,1.00,1.50
2017.04.11 18:06:32.805,1.66464,1.66496,1.00,1.50
2017.04.11 18:06:32.906,1.66467,1.66496,1.00,1.50
2017.04.11 18:06:33.489,1.66465,1.66495,1.00,1.00
2017.04.11 18:06:35.492,1.66466,1.66496,1.00,1.00
2017.04.11 18:06:36.629,1.66466,1.66497,1.00,2.25
2017.04.11 18:06:37.110,1.66465,1.66495,1.00,1.00
2017.04.11 18:06:38.862,1.66465,1.66494,1.00,1.00
2017.04.11 18:06:39.094,1.66466,1.66496,1.00,1.00
2017.04.11 18:06:39.598,1.66465,1.66496,1.00,1.00
2017.04.11 18:06:40.540,1.66465,1.66496,1.00,1.84
2017.04.11 18:06:41.108,1.66465,1.66496,1.00,1.50
2017.04.11 18:06:42.130,1.66463,1.66495,1.50,1.00
2017.04.11 18:06:51.017,1.66465,1.66496,1.00,1.00
2017.04.11 18:06:53.761,1.66463,1.66495,1.00,1.84
2017.04.11 18:06:54.266,1.66462,1.66494,1.00,1.09
2017.04.11 18:06:55.567,1.66464,1.66494,1.00,1.00
2017.04.11 18:06:56.076,1.66464,1.66494,1.00,1.34
2017.04.11 18:06:56.669,1.66464,1.66494,1.00,1.09
2017.04.11 18:06:57.455,1.66464,1.66494,1.00,1.34
2017.04.11 18:06:57.823,1.66467,1.66494,1.34,1.00
2017.04.11 18:06:57.874,1.66469,1.66497,1.00,1.00
2017.04.11 18:06:57.925,1.66471,1.665,1.00,1.00
2017.04.11 18:06:58.127,1.66471,1.66503,1.00,1.00
2017.04.11 18:06:58.231,1.66473,1.66504,1.00,1.50
2017.04.11 18:06:58.747,1.66473,1.66503,1.00,1.00
2017.04.11 18:06:59.263,1.66473,1.66504,1.00,1.00
2017.04.11 18:07:00.449,1.66475,1.66506,1.09,1.00
2017.04.11 18:07:00.751,1.66477,1.66508,1.00,1.50
2017.04.11 18:07:01.054,1.66476,1.66504,1.00,1.34
2017.04.11 18:07:01.306,1.66469,1.66497,1.12,1.50
2017.04.11 18:07:01.829,1.66468,1.66497,1.00,1.00
2017.04.11 18:07:03.106,1.66465,1.66497,1.00,1.50
2017.04.11 18:07:03.359,1.66467,1.66497,1.00,1.00
2017.04.11 18:07:04.216,1.66467,1.66498,1.00,1.00
2017.04.11 18:07:04.460,1.66469,1.66501,1.00,2.25
2017.04.11 18:07:04.562,1.66471,1.665,1.00,1.00
2017.04.11 18:07:04.613,1.66469,1.66501,1.84,1.50
2017.04.11 18:07:04.664,1.66475,1.66502,1.00,1.00
2017.04.11 18:07:04.765,1.66473,1.66503,1.00,1.00
2017.04.11 18:07:05.273,1.66472,1.66504,1.00,1.50
2017.04.11 18:07:05.576,1.66474,1.66504,1.09,1.00
2017.04.11 18:07:05.677,1.66475,1.66506,1.00,1.00
2017.04.11 18:07:05.879,1.66477,1.66507,1.00,2.25
2017.04.11 18:07:06.226,1.66477,1.66505,1.00,1.12
2017.04.11 18:07:06.277,1.66473,1.66505,1.00,1.00
2017.04.11 18:07:06.378,1.66475,1.66506,1.00,2.25
2017.04.11 18:07:06.681,1.66473,1.66505,1.00,1.84
2017.04.11 18:07:07.185,1.66473,1.66504,1.00,1.00
2017.04.11 18:07:07.580,1.66476,1.66504,1.00,1.00
2017.04.11 18:07:09.658,1.66476,1.66505,1.00,1.84
2017.04.11 18:07:10.319,1.66476,1.66504,1.00,1.00
2017.04.11 18:07:10.861,1.66476,1.66505,1.00,1.50
2017.04.11 18:07:11.440,1.66474,1.66504,1.00,1.00
2017.04.11 18:07:12.039,1.66476,1.66504,1.00,1.00
2017.04.11 18:07:12.191,1.66477,1.66508,1.00,1.34
2017.04.11 18:07:13.931,1.66478,1.66508,1.00,1.00
2017.04.11 18:07:15.267,1.66478,1.66507,1.00,1.09
2017.04.11 18:07:15.368,1.66475,1.66505,1.50,1.00
2017.04.11 18:07:15.670,1.66471,1.66501,1.00,1.00
2017.04.11 18:07:15.973,1.66468,1.66498,1.00,1.34
2017.04.11 18:07:16.291,1.66458,1.66487,1.84,1.00
2017.04.11 18:07:16.442,1.66465,1.66495,1.00,2.17
2017.04.11 18:07:16.493,1.66467,1.66497,1.84,1.67
2017.04.11 18:07:16.594,1.6647,1.66497,1.09,1.00
2017.04.11 18:07:16.695,1.66469,1.66501,1.00,1.00
2017.04.11 18:07:16.897,1.66472,1.66501,1.00,1.00
2017.04.11 18:07:19.574,1.66472,1.66502,1.00,1.00
2017.04.11 18:07:20.242,1.66472,1.66501,1.00,1.00
2017.04.11 18:07:21.255,1.66472,1.66503,1.00,1.00
2017.04.11 18:07:22.915,1.66472,1.66504,1.00,1.84
2017.04.11 18:07:22.966,1.66474,1.66504,1.00,1.09
2017.04.11 18:07:23.067,1.66475,1.66506,1.00,1.00
2017.04.11 18:07:23.293,1.66477,1.66507,1.00,1.50
2017.04.11 18:07:27.688,1.66477,1.66506,1.00,1.00
2017.04.11 18:07:28.450,1.66477,1.66507,1.00,1.50
2017.04.11 18:07:29.626,1.66478,1.66507,1.00,1.00
2017.04.11 18:07:30.171,1.66477,1.66507,1.00,1.50
2017.04.11 18:07:30.776,1.66476,1.66505,1.00,1.00
2017.04.11 18:07:33.090,1.66476,1.66508,1.00,2.25
2017.04.11 18:07:33.608,1.66476,1.66507,1.00,1.00
2017.04.11 18:07:34.161,1.66476,1.66508,1.00,1.50
2017.04.11 18:07:34.704,1.66478,1.66508,1.00,2.25
2017.04.11 18:07:35.442,1.66478,1.66507,1.00,1.00
2017.04.11 18:07:36.053,1.66478,1.66508,1.00,1.50
2017.04.11 18:07:36.778,1.66478,1.66507,1.00,1.00
2017.04.11 18:07:37.310,1.6648,1.66509,1.00,1.50
2017.04.11 18:07:41.513,1.66479,1.6651,1.00,1.50
2017.04.11 18:07:42.602,1.66481,1.6651,1.00,1.09
2017.04.11 18:07:42.774,1.66477,1.66509,1.00,1.00
2017.04.11 18:07:43.278,1.66477,1.66509,1.00,1.34
2017.04.11 18:07:43.782,1.66476,1.66508,1.00,1.50
2017.04.11 18:07:44.085,1.66475,1.66506,1.00,1.09
2017.04.11 18:07:44.647,1.66475,1.66506,1.00,1.34
2017.04.11 18:07:45.152,1.66475,1.66506,1.00,1.00
2017.04.11 18:07:45.455,1.66478,1.66509,1.00,1.00
2017.04.11 18:07:46.911,1.6648,1.66512,1.09,2.25
2017.04.11 18:07:47.062,1.66481,1.66512,1.34,1.00
2017.04.11 18:07:47.163,1.66484,1.66516,1.00,1.00
2017.04.11 18:07:47.214,1.66486,1.66517,1.00,2.25
2017.04.11 18:07:47.718,1.66487,1.66518,1.00,1.84
2017.04.11 18:07:48.049,1.66489,1.66518,1.00,1.00
2017.04.11 18:07:49.231,1.66489,1.66517,1.00,1.00
2017.04.11 18:07:49.870,1.66489,1.66518,1.00,1.00
2017.04.11 18:07:50.402,1.66489,1.66519,1.00,1.50
2017.04.11 18:07:51.063,1.66489,1.66519,1.00,1.84
2017.04.11 18:07:51.508,1.66487,1.66518,1.00,1.50
2017.04.11 18:07:52.816,1.66488,1.6652,1.00,1.84
2017.04.11 18:07:56.112,1.66487,1.66518,1.00,1.00
2017.04.11 18:07:56.639,1.66488,1.6652,1.00,1.84
2017.04.11 18:07:57.426,1.66489,1.6652,1.00,1.00
2017.04.11 18:07:57.476,1.66491,1.6652,1.34,1.00
2017.04.11 18:07:57.584,1.66491,1.66522,1.00,1.09
2017.04.11 18:07:57.988,1.66492,1.66524,1.00,1.84
2017.04.11 18:07:59.130,1.66494,1.66525,1.00,1.34
2017.04.11 18:07:59.433,1.66498,1.66529,1.00,1.09
2017.04.11 18:07:59.534,1.66498,1.66528,1.00,1.34
2017.04.11 18:08:00.077,1.66498,1.66526,1.00,1.00
2017.04.11 18:08:00.128,1.66498,1.66529,1.00,1.09
2017.04.11 18:08:00.657,1.66499,1.6653,1.00,1.09
2017.04.11 18:08:01.469,1.66499,1.66524,1.00,1.34
2017.04.11 18:08:01.570,1.66492,1.66522,1.00,1.34
2017.04.11 18:08:01.621,1.6649,1.6652,1.50,1.34
2017.04.11 18:08:03.630,1.6649,1.66521,1.00,1.34
2017.04.11 18:08:04.709,1.6649,1.66521,1.00,1.34
2017.04.11 18:08:05.708,1.6649,1.66521,1.00,1.34
2017.04.11 18:08:05.809,1.66488,1.6652,1.00,1.34
2017.04.11 18:08:06.136,1.66489,1.66521,1.00,1.84
2017.04.11 18:08:06.237,1.66489,1.66521,1.00,1.84
2017.04.11 18:08:06.339,1.66489,1.6652,1.00,1.09
2017.04.11 18:08:06.843,1.66488,1.6652,1.00,1.09
2017.04.11 18:08:07.109,1.6649,1.6652,1.00,1.09
2017.04.11 18:08:07.837,1.66491,1.66522,1.00,1.84
2017.04.11 18:08:09.447,1.66489,1.6652,1.00,1.09
2017.04.11 18:08:09.867,1.66491,1.66521,1.00,1.34
2017.04.11 18:08:10.044,1.66491,1.66522,1.00,1.50
2017.04.11 18:08:10.145,1.6649,1.6652,1.00,1.00
2017.04.11 18:08:16.242,1.66488,1.6652,1.00,1.50
2017.04.11 18:08:16.747,1.66489,1.6652,1.00,1.00
2017.04.11 18:08:17.301,1.66489,1.66521,1.00,1.84
2017.04.11 18:08:19.459,1.66489,1.6652,1.00,1.00
2017.04.11 18:08:20.318,1.66489,1.66521,1.00,1.84
2017.04.11 18:08:21.398,1.66489,1.6652,1.00,1.00
2017.04.11 18:08:21.927,1.66489,1.66521,1.00,2.59
2017.04.11 18:08:22.469,1.66489,1.6652,1.00,1.00
2017.04.11 18:08:22.985,1.66489,1.66521,1.00,2.59
2017.04.11 18:08:24.077,1.66491,1.66521,1.00,1.00
2017.04.11 18:08:24.417,1.66493,1.66521,1.00,1.00
2017.04.11 18:08:25.195,1.66493,1.66522,1.00,1.00
2017.04.11 18:08:26.840,1.66494,1.66522,1.00,1.50
2017.04.11 18:08:29.349,1.66493,1.66522,1.00,1.00
2017.04.11 18:08:29.892,1.66492,1.66521,1.00,1.00
2017.04.11 18:08:31.239,1.66491,1.66521,1.00,1.00
2017.04.11 18:08:33.680,1.66489,1.66521,1.00,2.25
2017.04.11 18:08:34.540,1.66489,1.6652,1.00,1.00
2017.04.11 18:08:35.089,1.66489,1.66521,1.00,2.59
2017.04.11 18:08:39.616,1.66489,1.6652,1.00,1.00
2017.04.11 18:08:40.304,1.66489,1.66521,1.00,1.84
2017.04.11 18:08:40.882,1.66489,1.6652,1.00,1.00
2017.04.11 18:08:42.163,1.66489,1.66521,1.00,1.84
2017.04.11 18:08:42.708,1.66489,1.66521,1.00,1.84
2017.04.11 18:08:43.342,1.66489,1.66519,1.00,1.84
2017.04.11 18:08:43.494,1.6648,1.66509,1.50,1.84
2017.04.11 18:08:44.212,1.66477,1.66509,1.00,1.84
2017.04.11 18:08:44.611,1.66477,1.66509,1.00,3.34
2017.04.11 18:08:44.813,1.66477,1.66509,1.00,1.84
2017.04.11 18:08:46.655,1.66477,1.66507,1.00,1.50
2017.04.11 18:08:46.757,1.66479,1.66508,1.00,1.09
2017.04.11 18:08:46.908,1.66476,1.66506,1.00,1.00
2017.04.11 18:08:47.060,1.66477,1.66509,1.00,1.00
2017.04.11 18:08:47.174,1.66479,1.66509,1.00,1.00
2017.04.11 18:08:47.809,1.6648,1.66511,1.00,1.34
2017.04.11 18:08:47.860,1.66481,1.66512,1.00,1.00
2017.04.11 18:08:48.062,1.66483,1.66513,1.00,1.00
2017.04.11 18:08:49.384,1.66483,1.66515,1.00,2.59
2017.04.11 18:08:49.989,1.66483,1.66513,1.00,1.00
2017.04.11 18:08:50.304,1.66483,1.66515,1.00,2.25
2017.04.11 18:08:51.937,1.66483,1.66514,1.00,1.00
2017.04.11 18:08:51.988,1.66485,1.66515,1.00,1.09
2017.04.11 18:08:52.507,1.66486,1.66517,1.00,1.00
2017.04.11 18:08:53.090,1.66486,1.66518,1.00,1.84
2017.04.11 18:08:53.471,1.66485,1.66516,1.00,1.00
2017.04.11 18:08:53.674,1.66483,1.66515,1.00,1.50
2017.04.11 18:08:53.775,1.66483,1.66513,1.50,1.00
2017.04.11 18:08:54.281,1.66484,1.66514,1.00,1.50
2017.04.11 18:08:54.828,1.66483,1.66513,1.00,1.00
2017.04.11 18:08:57.896,1.66484,1.66514,1.00,1.00
2017.04.11 18:08:58.400,1.66483,1.66513,1.00,1.00
2017.04.11 18:08:58.917,1.66483,1.66512,1.00,1.00
2017.04.11 18:09:00.031,1.66483,1.6651,1.00,1.00
2017.04.11 18:09:00.082,1.66481,1.6651,1.00,1.00
2017.04.11 18:09:00.233,1.66481,1.66512,1.00,1.50
2017.04.11 18:09:01.778,1.66479,1.66511,1.34,1.00
2017.04.11 18:09:10.179,1.66479,1.66507,1.00,1.00
2017.04.11 18:09:10.444,1.66473,1.66504,1.00,1.50
2017.04.11 18:09:10.495,1.66475,1.66504,1.00,1.00
2017.04.11 18:09:11.216,1.66475,1.66503,1.00,1.00
2017.04.11 18:09:11.884,1.66475,1.66504,1.00,1.00
2017.04.11 18:09:12.447,1.66475,1.66505,1.00,1.00
2017.04.11 18:09:13.121,1.66474,1.66504,1.00,1.00
2017.04.11 18:09:13.638,1.66474,1.66505,1.00,1.09
2017.04.11 18:09:14.689,1.66474,1.66504,1.00,1.00
2017.04.11 18:09:15.789,1.66475,1.66507,1.00,1.84
2017.04.11 18:09:16.228,1.66475,1.66507,1.00,1.00
2017.04.11 18:09:16.329,1.66477,1.66508,1.00,1.00
2017.04.11 18:09:18.319,1.66478,1.66509,1.00,1.84
2017.04.11 18:09:19.026,1.66478,1.66509,1.00,1.84
2017.04.11 18:09:19.555,1.66479,1.66508,1.00,1.09
2017.04.11 18:09:20.211,1.66479,1.66507,1.00,1.00
2017.04.11 18:09:20.751,1.66479,1.66508,1.00,1.50
2017.04.11 18:09:21.235,1.66477,1.66508,1.00,1.50
2017.04.11 18:09:27.162,1.66477,1.66507,1.00,1.00
2017.04.11 18:09:27.696,1.66477,1.66508,1.00,1.00
2017.04.11 18:09:29.722,1.66477,1.66507,1.00,1.00
2017.04.11 18:09:31.008,1.66477,1.66508,1.00,1.84
2017.04.11 18:09:32.627,1.66477,1.66508,1.00,1.84
2017.04.11 18:09:33.132,1.66475,1.66506,1.00,1.09
2017.04.11 18:09:33.233,1.66475,1.66505,1.00,1.84
2017.04.11 18:09:33.637,1.66473,1.66504,1.00,1.84
2017.04.11 18:09:34.202,1.66473,1.66504,1.00,1.84
2017.04.11 18:09:34.808,1.66473,1.66504,1.00,1.50
2017.04.11 18:09:35.888,1.66473,1.66503,1.00,1.00
2017.04.11 18:09:38.036,1.66473,1.66504,1.00,1.50
2017.04.11 18:09:38.624,1.66473,1.66503,1.00,1.00
2017.04.11 18:09:39.155,1.66473,1.66504,1.00,1.50
2017.04.11 18:09:49.425,1.66472,1.66502,1.00,1.00
2017.04.11 18:09:52.526,1.6647,1.66502,1.00,1.50
2017.04.11 18:09:54.466,1.6647,1.66499,1.00,1.00
2017.04.11 18:09:54.768,1.66463,1.66494,1.00,1.84
2017.04.11 18:09:55.047,1.66461,1.66493,1.09,1.50
2017.04.11 18:09:55.250,1.66457,1.66489,1.84,1.00
2017.04.11 18:09:55.552,1.66461,1.66491,1.00,1.00
2017.04.11 18:09:56.878,1.66461,1.66492,1.00,1.09
2017.04.11 18:09:58.740,1.66463,1.66493,1.00,1.34
2017.04.11 18:09:59.268,1.66465,1.66496,1.00,1.46
2017.04.11 18:09:59.369,1.66465,1.66497,1.00,3.34
2017.04.11 18:09:59.470,1.66464,1.66495,1.00,1.34
2017.04.11 18:10:00.223,1.66464,1.66495,1.00,1.00
2017.04.11 18:10:00.757,1.66465,1.66496,1.00,1.09
2017.04.11 18:10:01.622,1.66465,1.66497,1.00,1.34
2017.04.11 18:10:02.273,1.66466,1.66498,1.00,1.84
2017.04.11 18:10:02.537,1.66466,1.66493,1.00,1.00
2017.04.11 18:10:02.588,1.66464,1.66493,1.00,1.00
2017.04.11 18:10:02.890,1.66464,1.66493,1.00,1.34
2017.04.11 18:10:03.395,1.66463,1.66493,1.00,1.34
2017.04.11 18:10:04.151,1.66463,1.66493,1.00,1.34
2017.04.11 18:10:04.554,1.66461,1.66493,1.00,1.84
2017.04.11 18:10:06.031,1.66461,1.66493,1.00,1.09
2017.04.11 18:10:06.569,1.6646,1.66492,1.00,1.00
2017.04.11 18:10:11.490,1.66462,1.66492,1.00,1.00
2017.04.11 18:10:14.569,1.66461,1.66491,1.00,1.00
2017.04.11 18:10:15.501,1.66459,1.6649,1.00,1.00
2017.04.11 18:10:16.587,1.66461,1.66491,1.00,1.00
2017.04.11 18:10:17.092,1.66461,1.66491,1.00,1.84
2017.04.11 18:10:18.656,1.66461,1.66491,1.00,1.00
2017.04.11 18:10:18.908,1.66459,1.6649,1.00,1.00
2017.04.11 18:10:19.424,1.66458,1.66489,1.00,1.00
2017.04.11 18:10:19.676,1.6646,1.66489,1.00,1.00
2017.04.11 18:10:20.543,1.66461,1.66491,1.00,1.34
2017.04.11 18:10:20.877,1.66462,1.66492,1.00,1.09
2017.04.11 18:10:20.978,1.66464,1.66496,1.00,2.21
2017.04.11 18:10:24.077,1.66464,1.66493,1.00,1.00
2017.04.11 18:10:24.637,1.66465,1.66494,1.00,1.09
2017.04.11 18:10:27.300,1.66466,1.66496,1.00,1.34
2017.04.11 18:10:27.624,1.66464,1.66495,1.00,1.34
2017.04.11 18:10:29.513,1.66465,1.66494,1.00,1.09
2017.04.11 18:10:30.874,1.66464,1.66493,1.00,1.00
2017.04.11 18:10:30.975,1.66461,1.66493,1.09,1.00
2017.04.11 18:10:32.200,1.66463,1.66494,1.00,1.84
2017.04.11 18:10:32.874,1.66461,1.66493,1.09,1.00
2017.04.11 18:10:33.025,1.6646,1.66492,1.00,1.34
2017.04.11 18:10:33.421,1.66463,1.66494,1.00,1.34
2017.04.11 18:10:33.740,1.66461,1.66493,1.00,1.34
2017.04.11 18:10:34.004,1.66463,1.66494,1.00,1.84
2017.04.11 18:10:34.352,1.66465,1.66494,1.00,1.34
2017.04.11 18:10:36.725,1.66463,1.66494,1.00,1.34
2017.04.11 18:10:37.263,1.66464,1.66494,1.00,1.09
2017.04.11 18:10:41.003,1.66463,1.66494,1.00,1.09
2017.04.11 18:10:41.771,1.66463,1.66493,1.00,1.34
2017.04.11 18:10:42.023,1.6646,1.66492,1.00,1.84
2017.04.11 18:10:42.343,1.66461,1.66492,1.09,1.00
2017.04.11 18:10:42.830,1.66464,1.66493,1.00,1.09
2017.04.11 18:10:43.356,1.66465,1.66494,1.00,1.34
2017.04.11 18:10:43.899,1.66464,1.66493,1.00,1.09
2017.04.11 18:10:44.414,1.66463,1.66494,1.00,1.34
2017.04.11 18:10:46.293,1.66464,1.66495,1.00,1.84
2017.04.11 18:10:47.532,1.66464,1.66495,1.00,1.00
2017.04.11 18:10:48.204,1.66465,1.66496,1.00,1.00
2017.04.11 18:10:48.507,1.66467,1.66496,1.00,1.00
2017.04.11 18:10:49.015,1.66465,1.66497,1.00,1.50
2017.04.11 18:10:50.808,1.66465,1.66497,1.00,1.34
2017.04.11 18:10:51.638,1.66465,1.66497,1.00,1.00
2017.04.11 18:10:58.311,1.66466,1.66498,1.00,1.84
2017.04.11 18:10:59.845,1.66469,1.66498,1.00,1.34
2017.04.11 18:11:00.911,1.66469,1.665,1.00,1.09
2017.04.11 18:11:02.307,1.6647,1.66502,1.00,1.84
2017.04.11 18:11:02.836,1.66471,1.66503,1.34,1.00
2017.04.11 18:11:02.937,1.66475,1.66507,1.00,1.84
2017.04.11 18:11:03.340,1.66477,1.66507,1.00,1.34
2017.04.11 18:11:03.441,1.66475,1.66507,1.00,1.34
2017.04.11 18:11:04.118,1.66475,1.66507,1.09,1.50
2017.04.11 18:11:04.219,1.66475,1.66507,1.34,1.00
2017.04.11 18:11:04.724,1.66476,1.66508,1.34,1.00
2017.04.11 18:11:05.303,1.66478,1.66509,1.00,1.00
2017.04.11 18:11:07.714,1.66476,1.66508,1.34,1.00
2017.04.11 18:11:08.088,1.66479,1.66508,1.00,1.00
2017.04.11 18:11:08.138,1.66476,1.66508,1.09,1.00
2017.04.11 18:11:08.650,1.66479,1.66508,1.00,1.00
2017.04.11 18:11:09.135,1.66479,1.6651,1.00,1.09
2017.04.11 18:11:11.316,1.66479,1.6651,1.34,1.00
2017.04.11 18:11:11.592,1.6648,1.66512,1.71,1.09
2017.04.11 18:11:11.748,1.66484,1.66513,1.71,1.00
2017.04.11 18:11:11.849,1.66486,1.66518,1.00,1.00
2017.04.11 18:11:12.203,1.66486,1.66518,1.34,1.00
2017.04.11 18:11:12.971,1.66488,1.66519,1.09,1.00
2017.04.11 18:11:13.611,1.6649,1.66519,1.00,1.00
2017.04.11 18:11:14.523,1.6649,1.66521,1.12,1.00
2017.04.11 18:11:15.454,1.6649,1.66519,1.00,1.00
2017.04.11 18:11:20.132,1.66488,1.66518,1.00,1.00
2017.04.11 18:11:20.233,1.66484,1.66515,1.00,1.00
2017.04.11 18:11:20.764,1.66483,1.66514,1.84,1.00
2017.04.11 18:11:21.263,1.66483,1.66514,2.59,1.00
2017.04.11 18:11:21.364,1.66483,1.66514,3.56,1.00
2017.04.11 18:11:21.464,1.66486,1.66517,1.09,1.00
2017.04.11 18:11:21.767,1.66487,1.66517,1.34,1.00
2017.04.11 18:11:24.480,1.66487,1.66517,1.50,1.00
2017.04.11 18:11:25.124,1.66487,1.66512,1.00,1.00
2017.04.11 18:11:25.175,1.66485,1.66512,1.50,1.00
2017.04.11 18:11:25.276,1.6648,1.66511,1.34,1.00
2017.04.11 18:11:25.478,1.66482,1.66511,2.96,1.00
2017.04.11 18:11:25.680,1.66491,1.66521,1.00,1.50
2017.04.11 18:11:31.329,1.66491,1.6652,1.00,1.00
2017.04.11 18:11:31.898,1.66491,1.66521,1.00,1.50
2017.04.11 18:11:32.050,1.66491,1.66519,1.00,1.00
2017.04.11 18:11:32.550,1.66489,1.6652,1.00,1.50
2017.04.11 18:11:33.058,1.66489,1.6652,1.00,1.84
2017.04.11 18:11:33.593,1.66487,1.66519,1.87,1.50
2017.04.11 18:11:34.856,1.66487,1.66518,1.09,1.00
2017.04.11 18:11:35.200,1.66488,1.66514,1.00,1.00
2017.04.11 18:11:35.251,1.66483,1.66514,1.00,1.00
2017.04.11 18:11:35.302,1.66483,1.66514,1.00,1.34
2017.04.11 18:11:35.667,1.66482,1.6651,1.00,1.34
2017.04.11 18:11:36.260,1.66482,1.66511,1.00,1.09
2017.04.11 18:11:37.181,1.66482,1.66511,1.00,1.34
2017.04.11 18:11:37.448,1.66478,1.6651,1.00,1.09
2017.04.11 18:11:38.574,1.6648,1.6651,1.00,1.00
2017.04.11 18:11:39.100,1.66479,1.66511,1.37,1.09
2017.04.11 18:11:42.482,1.66479,1.66511,1.12,1.09
2017.04.11 18:11:44.356,1.66481,1.66512,1.00,1.34
2017.04.11 18:11:48.722,1.66481,1.66512,1.00,1.84
2017.04.11 18:11:49.157,1.66481,1.66512,1.00,1.09
2017.04.11 18:11:49.482,1.66479,1.66511,1.00,1.00
2017.04.11 18:11:50.034,1.66478,1.6651,1.00,1.00
2017.04.11 18:11:50.599,1.66479,1.66511,1.00,1.09
2017.04.11 18:11:51.237,1.66479,1.66511,1.00,1.34
2017.04.11 18:11:51.497,1.66483,1.6651,1.34,1.00
2017.04.11 18:11:51.598,1.66484,1.66514,1.46,1.00
2017.04.11 18:11:51.699,1.66486,1.66518,1.84,1.50
2017.04.11 18:11:51.901,1.66487,1.66518,1.34,1.00
2017.04.11 18:11:52.002,1.66489,1.6652,1.09,1.00
2017.04.11 18:11:53.366,1.6649,1.66522,1.00,1.00
2017.04.11 18:11:55.898,1.66489,1.6652,1.00,1.50
2017.04.11 18:11:56.100,1.66486,1.66518,1.84,1.00
2017.04.11 18:11:56.851,1.66486,1.66518,1.84,1.00
2017.04.11 18:11:57.372,1.66488,1.66519,1.00,1.00
2017.04.11 18:11:57.470,1.6649,1.6652,1.00,1.50
2017.04.11 18:11:58.119,1.66488,1.66519,1.34,1.00
2017.04.11 18:11:58.940,1.66488,1.66519,1.46,1.00
2017.04.11 18:11:59.204,1.6649,1.66519,1.00,1.00
2017.04.11 18:12:01.520,1.6649,1.66522,1.09,1.50
2017.04.11 18:12:02.041,1.66491,1.66523,1.00,1.00
2017.04.11 18:12:02.193,1.66494,1.66523,1.00,1.00
2017.04.11 18:12:02.679,1.66491,1.66523,1.00,1.50
2017.04.11 18:12:03.199,1.66491,1.66522,1.00,1.00
2017.04.11 18:12:04.501,1.66491,1.66523,1.00,1.00
2017.04.11 18:12:05.899,1.66491,1.66522,1.00,1.00
2017.04.11 18:12:06.486,1.66491,1.66523,1.00,1.50
2017.04.11 18:12:07.920,1.66491,1.66522,1.00,1.00
2017.04.11 18:12:08.581,1.66492,1.66522,1.00,1.00
2017.04.11 18:12:13.990,1.66493,1.66524,1.00,1.00
2017.04.11 18:12:15.100,1.66491,1.66523,1.34,1.00
2017.04.11 18:12:19.562,1.66491,1.66523,1.84,1.00
2017.04.11 18:12:21.372,1.66491,1.66523,1.34,1.00
2017.04.11 18:12:21.624,1.66494,1.66525,1.00,1.00
2017.04.11 18:12:21.807,1.66494,1.66523,1.00,1.00
2017.04.11 18:12:22.147,1.66494,1.66525,1.00,1.00
2017.04.11 18:12:22.734,1.66495,1.66525,1.00,1.00
2017.04.11 18:12:23.254,1.66495,1.66524,1.00,1.00
2017.04.11 18:12:23.691,1.66495,1.66527,1.00,1.09
2017.04.11 18:12:23.919,1.66498,1.66527,1.00,1.84
2017.04.11 18:12:24.589,1.66497,1.66527,1.00,1.09
2017.04.11 18:12:24.947,1.66499,1.66527,1.00,1.09
2017.04.11 18:12:25.807,1.66499,1.66528,1.00,1.09
2017.04.11 18:12:26.110,1.66504,1.66533,1.00,1.46
2017.04.11 18:12:26.211,1.66503,1.66535,1.00,1.84
2017.04.11 18:12:26.413,1.66503,1.66535,1.00,1.84
2017.04.11 18:12:26.908,1.66505,1.66535,1.00,1.84
2017.04.11 18:12:27.445,1.66503,1.66534,1.00,1.84
2017.04.11 18:12:27.707,1.66505,1.66534,1.00,1.09
2017.04.11 18:12:28.325,1.66504,1.66534,1.00,1.00
2017.04.11 18:12:28.902,1.66504,1.66535,1.00,1.34
2017.04.11 18:12:29.143,1.66504,1.66535,1.00,1.09
2017.04.11 18:12:29.543,1.66504,1.66533,1.00,1.00
2017.04.11 18:12:29.916,1.66504,1.66536,1.00,1.00
2017.04.11 18:12:30.048,1.66504,1.66533,1.00,1.00
2017.04.11 18:12:30.199,1.66498,1.66529,1.00,1.50
2017.04.11 18:12:30.351,1.66495,1.66526,2.21,1.00
2017.04.11 18:12:31.361,1.66503,1.66526,1.84,1.00
2017.04.11 18:12:31.462,1.66506,1.66535,1.09,1.00
2017.04.11 18:12:31.614,1.66505,1.66537,1.34,1.50
2017.04.11 18:12:31.715,1.66505,1.66537,1.34,1.00
2017.04.11 18:12:32.258,1.66506,1.66535,1.34,1.00
2017.04.11 18:12:33.216,1.66507,1.66539,1.34,1.50
2017.04.11 18:12:34.978,1.66507,1.66538,1.34,1.00
2017.04.11 18:12:35.587,1.66506,1.66539,1.34,1.50
2017.04.11 18:12:36.301,1.66506,1.66539,1.00,1.84
2017.04.11 18:12:36.352,1.66508,1.66539,1.00,1.09
2017.04.11 18:12:36.605,1.66509,1.66541,1.00,1.50
2017.04.11 18:12:36.656,1.66511,1.66541,1.00,1.00
2017.04.11 18:12:36.908,1.66516,1.66548,1.00,1.00
2017.04.11 18:12:37.060,1.66518,1.66549,1.34,1.00
2017.04.11 18:12:37.549,1.66521,1.66552,1.37,1.09
2017.04.11 18:12:37.852,1.6653,1.66557,1.09,1.00
2017.04.11 18:12:37.903,1.6653,1.6656,1.46,1.00
2017.04.11 18:12:37.954,1.6653,1.6656,1.46,1.00
2017.04.11 18:12:38.055,1.66531,1.66564,1.34,1.00
2017.04.11 18:12:38.357,1.66531,1.66562,1.34,1.00
2017.04.11 18:12:39.450,1.6653,1.6656,1.34,1.00
2017.04.11 18:12:39.601,1.6653,1.6656,1.09,1.00
2017.04.11 18:12:40.141,1.66528,1.66559,1.34,1.00
2017.04.11 18:12:43.329,1.6653,1.6656,1.09,1.00
2017.04.11 18:12:47.635,1.6653,1.66562,1.84,1.00
2017.04.11 18:12:48.134,1.6653,1.66562,2.21,1.00
2017.04.11 18:12:48.285,1.6653,1.66562,2.21,1.00
2017.04.11 18:12:48.395,1.66531,1.66562,1.37,1.00
2017.04.11 18:12:48.546,1.6653,1.66562,2.21,1.00
2017.04.11 18:12:49.141,1.66531,1.66562,1.00,1.00
2017.04.11 18:12:50.018,1.6653,1.66562,2.21,1.00
2017.04.11 18:12:50.596,1.66531,1.66562,1.00,1.00
2017.04.11 18:12:51.120,1.6653,1.66562,1.84,1.00
2017.04.11 18:12:51.951,1.66531,1.66562,1.00,1.00
2017.04.11 18:12:52.459,1.66531,1.66563,1.00,1.00
2017.04.11 18:12:52.675,1.66531,1.66561,1.00,1.00
2017.04.11 18:12:52.980,1.66542,1.66573,1.84,1.00
2017.04.11 18:12:53.485,1.66543,1.66574,1.00,1.50
2017.04.11 18:12:54.026,1.66543,1.66574,1.34,1.00
2017.04.11 18:12:54.568,1.66544,1.66575,1.09,1.50
2017.04.11 18:12:55.546,1.66543,1.66572,1.34,1.00
2017.04.11 18:12:56.048,1.66542,1.66573,1.84,1.00
2017.04.11 18:12:56.350,1.66542,1.66567,1.00,1.12
2017.04.11 18:12:56.529,1.66538,1.66566,1.00,1.50
2017.04.11 18:12:56.580,1.66535,1.66563,1.09,1.00
2017.04.11 18:12:57.108,1.66536,1.66562,1.00,1.50
2017.04.11 18:12:57.411,1.66534,1.66557,1.00,1.00
2017.04.11 18:12:57.729,1.66534,1.66562,1.00,1.00
2017.04.11 18:12:57.780,1.66534,1.66564,1.50,1.09
2017.04.11 18:12:58.320,1.66534,1.66565,1.00,1.00
2017.04.11 18:12:58.371,1.66534,1.66563,1.00,1.00
2017.04.11 18:12:58.693,1.66534,1.66565,1.00,1.09
2017.04.11 18:12:58.830,1.66532,1.66562,1.00,1.00
2017.04.11 18:12:59.145,1.66542,1.66567,1.09,1.00
2017.04.11 18:12:59.499,1.66545,1.66567,1.00,1.00
2017.04.11 18:12:59.700,1.66545,1.66572,1.00,1.00
2017.04.11 18:12:59.852,1.66541,1.66571,1.50,1.00
2017.04.11 18:12:59.975,1.66541,1.66567,1.00,1.00
2017.04.11 18:13:00.077,1.66539,1.66567,1.00,1.00
2017.04.11 18:13:00.325,1.66538,1.66569,1.84,1.00
2017.04.11 18:13:00.376,1.66541,1.66571,1.34,1.00
2017.04.11 18:13:00.880,1.66542,1.66573,1.34,1.00
2017.04.11 18:13:00.981,1.66545,1.66575,1.00,1.00
2017.04.11 18:13:01.976,1.66544,1.66573,1.09,1.00
2017.04.11 18:13:03.264,1.66544,1.66575,1.09,1.00
2017.04.11 18:13:03.365,1.66546,1.66576,1.00,1.00
2017.04.11 18:13:03.769,1.66546,1.66578,1.50,1.00
2017.04.11 18:13:04.078,1.66548,1.66579,1.00,1.00
2017.04.11 18:13:05.485,1.66547,1.66578,1.00,1.00
2017.04.11 18:13:06.026,1.66547,1.66577,1.00,1.00
2017.04.11 18:13:06.551,1.66546,1.66578,1.50,1.00
2017.04.11 18:13:07.810,1.66548,1.66579,1.00,1.00
2017.04.11 18:13:08.764,1.66549,1.66579,1.00,1.00
2017.04.11 18:13:08.815,1.66549,1.66581,1.00,1.50
2017.04.11 18:13:09.918,1.66549,1.66579,1.00,1.00
2017.04.11 18:13:10.170,1.66546,1.66577,1.00,1.12
2017.04.11 18:13:11.156,1.66547,1.66578,1.00,1.37
2017.04.11 18:13:11.668,1.66547,1.66576,1.00,1.00
2017.04.11 18:13:12.180,1.66546,1.66576,1.50,1.00
2017.04.11 18:13:12.892,1.66547,1.66576,1.00,1.00
2017.04.11 18:13:13.270,1.66546,1.66578,1.50,1.50
2017.04.11 18:13:13.892,1.66546,1.66577,1.50,1.00
2017.04.11 18:13:14.650,1.66546,1.66578,1.00,1.00
2017.04.11 18:13:14.801,1.66546,1.66576,1.00,1.00
2017.04.11 18:13:15.351,1.66545,1.66577,1.00,1.00
2017.04.11 18:13:16.743,1.66546,1.66577,1.00,1.00
2017.04.11 18:13:17.290,1.66547,1.66577,1.00,1.00
2017.04.11 18:13:19.801,1.6655,1.66579,1.00,1.00
2017.04.11 18:13:19.902,1.66551,1.66583,1.00,1.00
2017.04.11 18:13:20.003,1.66554,1.66583,1.00,1.00
2017.04.11 18:13:20.517,1.66553,1.66584,1.00,1.50
2017.04.11 18:13:21.838,1.66553,1.66584,1.00,1.34
2017.04.11 18:13:22.140,1.66537,1.66568,1.25,1.00
2017.04.11 18:13:22.191,1.66539,1.66571,1.00,1.50
2017.04.11 18:13:22.493,1.66544,1.66571,1.00,1.00
2017.04.11 18:13:22.645,1.66544,1.66576,1.00,1.34
2017.04.11 18:13:22.746,1.66544,1.66572,1.00,1.00
2017.04.11 18:13:23.068,1.66547,1.66576,1.00,1.00
2017.04.11 18:13:23.120,1.66547,1.66578,1.00,1.00
2017.04.11 18:13:23.322,1.66549,1.66579,1.00,1.00
2017.04.11 18:13:23.524,1.66547,1.66578,1.00,1.00
2017.04.11 18:13:24.666,1.66549,1.66578,1.00,1.00
2017.04.11 18:13:24.740,1.66549,1.66581,1.00,1.00
2017.04.11 18:13:25.244,1.66548,1.66579,1.00,1.00
2017.04.11 18:13:25.549,1.66547,1.66577,1.00,1.00
2017.04.11 18:13:27.154,1.66548,1.66579,1.00,1.00
2017.04.11 18:13:27.753,1.66548,1.66578,1.00,1.00
2017.04.11 18:13:27.932,1.66545,1.66572,1.00,1.00
2017.04.11 18:13:27.983,1.66542,1.66572,1.00,1.00
2017.04.11 18:13:28.338,1.66538,1.6657,2.59,1.00
2017.04.11 18:13:28.934,1.66538,1.66569,1.00,1.00
2017.04.11 18:13:29.740,1.66539,1.66569,1.00,1.00
2017.04.11 18:13:30.265,1.66538,1.66569,1.00,1.00
2017.04.11 18:13:30.839,1.66539,1.66569,1.00,1.00
2017.04.11 18:13:34.499,1.66538,1.66569,1.00,1.00
2017.04.11 18:13:35.003,1.66538,1.6657,2.25,1.00
2017.04.11 18:13:35.531,1.66539,1.6657,1.00,1.00
2017.04.11 18:13:36.083,1.66538,1.6657,3.00,1.00
2017.04.11 18:13:36.134,1.66547,1.66577,1.50,1.00
2017.04.11 18:13:36.286,1.66544,1.66575,1.00,1.00
2017.04.11 18:13:36.488,1.66546,1.66574,1.00,1.00
2017.04.11 18:13:36.538,1.66548,1.66577,1.00,1.00
2017.04.11 18:13:36.640,1.6655,1.6658,1.00,1.00
2017.04.11 18:13:36.741,1.6655,1.66582,1.00,1.00
2017.04.11 18:13:37.145,1.66549,1.66579,1.00,1.00
2017.04.11 18:13:37.655,1.66548,1.66579,3.00,1.00
2017.04.11 18:13:37.857,1.66549,1.66581,1.00,1.00
2017.04.11 18:13:40.250,1.66548,1.66579,1.50,1.00
2017.04.11 18:13:41.030,1.66548,1.66578,1.00,1.00
2017.04.11 18:13:43.797,1.66548,1.66577,1.00,1.00
2017.04.11 18:13:43.948,1.66545,1.66577,1.50,1.50
2017.04.11 18:13:44.697,1.6655,1.66577,1.00,1.00
2017.04.11 18:13:44.748,1.66551,1.66581,1.00,1.00
2017.04.11 18:13:44.949,1.66552,1.66583,1.50,1.00
2017.04.11 18:13:45.050,1.66556,1.66584,1.00,1.00
2017.04.11 18:13:45.152,1.66557,1.66589,1.00,1.00
2017.04.11 18:13:45.570,1.66556,1.66587,1.50,1.00
2017.04.11 18:13:46.137,1.66555,1.66585,1.00,1.00
2017.04.11 18:13:46.339,1.66553,1.66585,1.00,1.00
2017.04.11 18:13:46.540,1.66552,1.66583,1.50,1.00
2017.04.11 18:13:50.641,1.66552,1.66582,1.00,1.00
2017.04.11 18:13:51.351,1.66552,1.66583,1.50,1.00
2017.04.11 18:13:55.447,1.66552,1.66576,1.00,1.00
2017.04.11 18:13:55.548,1.66547,1.66576,1.00,1.50
2017.04.11 18:13:55.696,1.66541,1.66571,1.00,1.00
2017.04.11 18:13:56.344,1.66541,1.66572,1.00,1.00
2017.04.11 18:13:57.364,1.66543,1.66572,1.00,1.00
2017.04.11 18:13:57.529,1.66541,1.66572,1.00,1.00
2017.04.11 18:13:59.257,1.6654,1.6657,1.00,1.00
2017.04.11 18:13:59.886,1.6654,1.66572,2.25,1.00
2017.04.11 18:14:00.881,1.6654,1.66571,1.00,1.00
2017.04.11 18:14:01.471,1.66539,1.66571,1.50,1.00
2017.04.11 18:14:02.499,1.66541,1.66572,1.00,1.50
2017.04.11 18:14:02.700,1.66539,1.66571,1.00,1.00
2017.04.11 18:14:06.372,1.66542,1.66571,1.00,1.00
2017.04.11 18:14:06.573,1.6654,1.6657,1.00,1.00
2017.04.11 18:14:09.657,1.6654,1.66567,1.00,1.00
2017.04.11 18:14:09.863,1.66537,1.66567,1.00,1.00
2017.04.11 18:14:12.258,1.66537,1.66566,1.00,1.00
2017.04.11 18:14:12.410,1.66535,1.66566,1.00,1.00
2017.04.11 18:14:12.816,1.66535,1.66561,1.00,1.00
2017.04.11 18:14:12.867,1.66533,1.66561,1.00,1.00
2017.04.11 18:14:12.968,1.66531,1.66561,1.00,1.00
2017.04.11 18:14:13.216,1.66533,1.66561,1.00,1.00
2017.04.11 18:14:13.519,1.66535,1.66561,1.00,1.00
2017.04.11 18:14:14.021,1.66534,1.66562,1.00,1.00
2017.04.11 18:14:17.619,1.66534,1.66563,1.00,1.00
2017.04.11 18:14:17.871,1.66533,1.66565,1.50,1.00
2017.04.11 18:14:18.473,1.66536,1.66565,1.00,1.00
2017.04.11 18:14:18.880,1.66533,1.66565,1.00,1.00
2017.04.11 18:14:19.405,1.66532,1.66564,1.00,1.00
2017.04.11 18:14:21.320,1.66533,1.66565,1.00,1.00
2017.04.11 18:14:22.117,1.66532,1.66564,1.50,1.00
2017.04.11 18:14:22.657,1.66533,1.66565,1.00,1.00
2017.04.11 18:14:23.690,1.66533,1.66563,1.00,1.00
2017.04.11 18:14:23.891,1.66531,1.66562,1.00,1.00
2017.04.11 18:14:23.993,1.66529,1.66561,1.50,1.00
2017.04.11 18:14:24.409,1.66527,1.66558,1.50,1.00
2017.04.11 18:14:24.711,1.6653,1.66559,1.00,1.00
2017.04.11 18:14:24.812,1.66532,1.66564,1.00,1.00
2017.04.11 18:14:25.314,1.66534,1.66564,1.00,1.00
2017.04.11 18:14:25.717,1.66536,1.66567,1.00,1.00
2017.04.11 18:14:27.840,1.66534,1.66566,1.00,1.00
2017.04.11 18:14:27.942,1.66533,1.66562,1.00,1.00
2017.04.11 18:14:28.043,1.66531,1.66561,1.00,1.00
2017.04.11 18:14:28.244,1.66529,1.66561,1.50,1.00
2017.04.11 18:14:28.760,1.6653,1.66562,1.00,1.00
2017.04.11 18:14:29.300,1.66529,1.66561,2.25,1.00
2017.04.11 18:14:29.622,1.66529,1.66559,1.00,1.00
2017.04.11 18:14:29.875,1.66524,1.66555,3.00,1.00
2017.04.11 18:14:30.401,1.66524,1.66554,1.50,1.00
2017.04.11 18:14:31.213,1.66524,1.66555,2.25,1.00
2017.04.11 18:14:31.856,1.66524,1.66554,1.50,1.00
2017.04.11 18:14:31.957,1.66522,1.66554,1.00,1.00
2017.04.11 18:14:32.058,1.66521,1.66552,1.50,1.00
2017.04.11 18:14:32.361,1.66525,1.66554,1.00,1.00
2017.04.11 18:14:32.575,1.66529,1.66559,1.00,1.09
2017.04.11 18:14:32.871,1.66529,1.66561,1.00,1.87
2017.04.11 18:14:33.022,1.66527,1.66556,1.00,1.00
2017.04.11 18:14:33.416,1.66525,1.66555,1.00,1.00
2017.04.11 18:14:33.817,1.66526,1.66557,1.00,1.00
2017.04.11 18:14:34.117,1.66528,1.66558,1.00,1.00
2017.04.11 18:14:34.319,1.66528,1.6656,1.00,1.50
2017.04.11 18:14:34.521,1.66529,1.66558,1.00,1.00
2017.04.11 18:14:35.051,1.66528,1.66557,1.00,1.00
2017.04.11 18:14:37.031,1.66527,1.66555,1.00,1.00
2017.04.11 18:14:37.132,1.66524,1.66553,1.00,1.50
2017.04.11 18:14:37.232,1.6652,1.6655,1.00,1.00
2017.04.11 18:14:37.434,1.66518,1.66548,1.00,1.00
2017.04.11 18:14:37.745,1.66516,1.66545,1.00,1.00
2017.04.11 18:14:40.299,1.66519,1.66545,1.00,1.00
2017.04.11 18:14:40.349,1.6652,1.66551,1.00,1.00
2017.04.11 18:14:40.451,1.66524,1.66555,1.00,1.50
2017.04.11 18:14:40.754,1.66527,1.66555,1.00,1.00
2017.04.11 18:14:40.995,1.66523,1.66554,1.00,1.50
2017.04.11 18:14:41.046,1.66521,1.66551,1.00,1.00
2017.04.11 18:14:41.349,1.66519,1.6655,1.00,1.00
2017.04.11 18:14:41.627,1.66522,1.6655,1.00,1.00
2017.04.11 18:14:42.027,1.6652,1.66549,1.00,1.00
2017.04.11 18:14:44.160,1.66521,1.66551,1.00,1.00
2017.04.11 18:14:44.540,1.66519,1.6655,1.00,1.00
2017.04.11 18:14:46.137,1.66521,1.66551,1.00,1.00
2017.04.11 18:14:46.607,1.66526,1.66556,1.00,1.50
2017.04.11 18:14:47.135,1.66528,1.66557,1.00,1.00
2017.04.11 18:14:47.758,1.66528,1.66556,1.00,1.00
2017.04.11 18:14:48.070,1.6653,1.66556,1.00,1.00
2017.04.11 18:14:48.258,1.66528,1.66556,1.00,1.00
2017.04.11 18:14:48.808,1.66528,1.66557,1.00,1.00
2017.04.11 18:14:49.672,1.66527,1.66557,1.00,1.00
2017.04.11 18:14:50.316,1.66528,1.66556,1.00,1.00
2017.04.11 18:14:50.860,1.66529,1.66556,1.00,1.00
2017.04.11 18:14:51.384,1.66529,1.66557,1.00,1.00
2017.04.11 18:14:55.336,1.66527,1.66557,1.00,1.00
2017.04.11 18:14:56.314,1.66528,1.66557,1.00,1.00
2017.04.11 18:14:57.092,1.66528,1.66556,1.00,1.00
2017.04.11 18:14:57.919,1.66528,1.66557,1.00,1.00
2017.04.11 18:14:59.817,1.66528,1.66556,1.00,1.00
2017.04.11 18:15:00.344,1.66528,1.66557,1.00,1.00
2017.04.11 18:15:00.625,1.66526,1.66556,1.00,1.00
2017.04.11 18:15:02.122,1.66527,1.66558,1.00,1.00
2017.04.11 18:15:02.436,1.66529,1.66558,1.00,1.00
2017.04.11 18:15:02.748,1.66527,1.66558,1.00,1.00
2017.04.11 18:15:04.371,1.66528,1.66557,1.00,1.00
2017.04.11 18:15:04.943,1.66527,1.66558,1.00,1.00
2017.04.11 18:15:05.451,1.66527,1.66555,1.00,1.00
2017.04.11 18:15:06.043,1.66526,1.66556,1.00,1.00
2017.04.11 18:15:06.863,1.66528,1.66557,1.00,1.00
2017.04.11 18:15:07.743,1.66529,1.66558,1.00,1.00
2017.04.11 18:15:08.461,1.66527,1.66558,1.00,1.00
2017.04.11 18:15:09.013,1.66528,1.66557,1.00,1.00
2017.04.11 18:15:09.477,1.66527,1.66555,1.00,1.00
2017.04.11 18:15:09.790,1.66524,1.66555,1.00,1.00
2017.04.11 18:15:11.360,1.66527,1.66558,1.00,2.25
2017.04.11 18:15:12.511,1.66527,1.66556,1.00,1.00
2017.04.11 18:15:13.085,1.66527,1.66555,1.00,1.00
2017.04.11 18:15:13.146,1.66527,1.66558,1.00,1.50
2017.04.11 18:15:13.495,1.66527,1.66555,1.00,1.00
2017.04.11 18:15:18.287,1.66528,1.66557,1.00,1.00
2017.04.11 18:15:19.967,1.66528,1.66558,1.00,1.00
2017.04.11 18:15:20.492,1.66527,1.66557,1.00,1.00
2017.04.11 18:15:20.869,1.66528,1.66559,1.00,1.00
2017.04.11 18:15:22.267,1.66527,1.66558,1.00,1.00
2017.04.11 18:15:22.687,1.66527,1.66555,1.00,1.00
2017.04.11 18:15:23.527,1.66529,1.66558,1.00,1.50
2017.04.11 18:15:23.628,1.66527,1.66558,1.00,1.50
2017.04.11 18:15:24.596,1.66528,1.66558,1.00,1.00
2017.04.11 18:15:25.144,1.66527,1.66558,1.00,2.25
2017.04.11 18:15:27.214,1.66527,1.66555,1.00,1.00
2017.04.11 18:15:28.165,1.66527,1.66558,1.00,1.50
2017.04.11 18:15:28.366,1.66527,1.66555,1.00,1.00
2017.04.11 18:15:38.610,1.66525,1.66554,1.00,1.00
2017.04.11 18:15:39.013,1.66522,1.66553,1.00,1.00
2017.04.11 18:15:39.696,1.66521,1.66551,1.00,1.00
2017.04.11 18:15:40.099,1.66522,1.66553,1.00,1.00
2017.04.11 18:15:40.402,1.66522,1.6655,1.00,1.00
2017.04.11 18:15:40.679,1.66522,1.66553,1.00,1.00
2017.04.11 18:15:42.390,1.66523,1.66554,1.00,1.00
2017.04.11 18:15:43.925,1.66522,1.66552,1.00,1.00
2017.04.11 18:15:44.228,1.66523,1.66554,1.00,1.00
2017.04.11 18:15:44.782,1.66524,1.66555,1.00,1.00
2017.04.11 18:15:48.127,1.66524,1.66553,1.00,1.00
2017.04.11 18:15:48.454,1.66522,1.66553,1.00,1.00
2017.04.11 18:15:48.976,1.66523,1.66554,1.00,1.00
2017.04.11 18:15:49.337,1.66523,1.66552,1.00,1.00
2017.04.11 18:15:50.322,1.66523,1.66554,1.00,1.00
2017.04.11 18:15:51.133,1.66524,1.66555,1.00,1.00
2017.04.11 18:15:51.216,1.66526,1.66556,1.00,1.00
2017.04.11 18:15:51.416,1.66524,1.66555,1.00,1.00
2017.04.11 18:15:52.456,1.66526,1.66556,1.00,1.00
2017.04.11 18:15:52.762,1.66523,1.66554,1.00,1.00
2017.04.11 18:15:52.918,1.66525,1.66554,1.00,1.00
2017.04.11 18:15:54.161,1.66526,1.66556,1.00,1.00
2017.04.11 18:15:54.844,1.66525,1.66554,1.00,1.00
2017.04.11 18:15:55.203,1.66527,1.66555,1.00,1.00
2017.04.11 18:15:55.255,1.66524,1.66555,1.00,1.00
2017.04.11 18:15:56.865,1.66523,1.66554,1.00,1.00
2017.04.11 18:15:57.409,1.66524,1.66555,1.00,1.00
2017.04.11 18:15:57.560,1.66524,1.66553,1.00,1.00
2017.04.11 18:15:57.725,1.66524,1.66555,1.00,1.00
2017.04.11 18:15:59.127,1.66527,1.66555,1.00,1.00
2017.04.11 18:15:59.495,1.6653,1.66555,1.00,1.00
2017.04.11 18:15:59.646,1.66532,1.66561,1.12,1.00
2017.04.11 18:15:59.857,1.66535,1.66564,1.00,1.00
2017.04.11 18:16:03.101,1.66535,1.66561,1.00,1.00
2017.04.11 18:16:03.152,1.66531,1.66561,1.00,1.00
2017.04.11 18:16:03.253,1.66529,1.6656,1.00,1.00
2017.04.11 18:16:03.354,1.66527,1.66558,1.00,1.00
2017.04.11 18:16:04.023,1.66528,1.66559,1.00,1.00
2017.04.11 18:16:04.558,1.66527,1.66558,1.00,1.00
2017.04.11 18:16:10.041,1.66528,1.66559,1.00,1.00
2017.04.11 18:16:15.717,1.66528,1.66559,2.25,1.00
2017.04.11 18:16:15.912,1.66532,1.66563,1.00,1.00
2017.04.11 18:16:16.117,1.66533,1.66564,1.37,1.00
2017.04.11 18:16:16.643,1.66534,1.66565,1.12,1.00
2017.04.11 18:16:17.073,1.66536,1.66566,1.00,1.00
2017.04.11 18:16:18.755,1.66537,1.66568,1.00,1.50
2017.04.11 18:16:19.542,1.66537,1.66568,1.37,1.00
2017.04.11 18:16:20.124,1.66538,1.66569,1.00,1.00
2017.04.11 18:16:22.342,1.66538,1.66569,1.37,1.00
2017.04.11 18:16:22.910,1.66539,1.6657,1.00,1.00
2017.04.11 18:16:23.467,1.66538,1.66569,1.00,1.50
2017.04.11 18:16:23.753,1.66538,1.66567,1.00,1.00
2017.04.11 18:16:23.888,1.66534,1.66564,1.00,1.00
2017.04.11 18:16:23.938,1.66534,1.66561,1.00,1.00
2017.04.11 18:16:23.989,1.66531,1.66561,1.00,1.50
2017.04.11 18:16:24.039,1.66531,1.66556,1.00,1.00
2017.04.11 18:16:24.090,1.66529,1.66556,1.50,1.00
2017.04.11 18:16:24.242,1.66529,1.66558,1.00,1.00
2017.04.11 18:16:24.293,1.66527,1.66558,1.00,1.00
2017.04.11 18:16:25.388,1.66527,1.66555,1.00,1.00
2017.04.11 18:16:25.590,1.66527,1.66558,1.00,1.00
2017.04.11 18:16:29.297,1.66528,1.66559,1.00,1.00
2017.04.11 18:16:30.473,1.66528,1.66557,1.00,1.00
2017.04.11 18:16:31.467,1.66528,1.66559,1.00,1.00
2017.04.11 18:16:35.692,1.66527,1.66558,1.00,1.00
2017.04.11 18:16:37.422,1.66527,1.66553,1.00,1.09
2017.04.11 18:16:37.523,1.66519,1.66548,1.84,1.00
2017.04.11 18:16:37.624,1.6652,1.66551,1.09,1.00
2017.04.11 18:16:37.675,1.66523,1.66551,1.00,1.00
2017.04.11 18:16:37.776,1.66523,1.66554,1.00,1.00
2017.04.11 18:16:38.482,1.66524,1.66555,1.00,1.00
2017.04.11 18:16:38.761,1.66526,1.66556,1.00,1.00
2017.04.11 18:16:39.701,1.66525,1.66554,1.00,1.00
2017.04.11 18:16:40.921,1.66523,1.66554,1.00,1.00
2017.04.11 18:16:41.022,1.66526,1.66556,1.00,1.00
2017.04.11 18:16:42.476,1.66526,1.66551,1.00,1.00
2017.04.11 18:16:42.640,1.66522,1.66552,1.00,1.50
2017.04.11 18:16:42.730,1.66524,1.66553,1.00,1.00
2017.04.11 18:16:42.881,1.66524,1.66555,1.00,1.00
2017.04.11 18:16:43.515,1.66526,1.66556,1.00,1.00
2017.04.11 18:16:44.522,1.66525,1.66554,1.00,1.00
2017.04.11 18:16:45.126,1.66526,1.66556,1.00,1.00
2017.04.11 18:16:45.594,1.66525,1.66554,1.00,1.00
2017.04.11 18:16:49.501,1.66526,1.66556,1.00,1.00
2017.04.11 18:16:58.897,1.66526,1.66552,1.00,1.00
2017.04.11 18:16:59.048,1.66519,1.6655,1.00,1.00
2017.04.11 18:16:59.200,1.66518,1.66547,1.00,1.00
2017.04.11 18:17:00.442,1.66517,1.66543,1.00,1.00
2017.04.11 18:17:00.544,1.6651,1.66538,1.50,1.00
2017.04.11 18:17:00.645,1.6651,1.66535,1.00,1.00
2017.04.11 18:17:00.695,1.66506,1.66535,1.00,1.00
2017.04.11 18:17:00.847,1.66503,1.66532,1.00,1.00
2017.04.11 18:17:02.135,1.66502,1.66533,1.50,1.00
2017.04.11 18:17:02.604,1.66506,1.66535,1.00,1.00
2017.04.11 18:17:03.504,1.66503,1.66534,1.00,1.00
2017.04.11 18:17:06.020,1.66504,1.66535,1.00,1.00
2017.04.11 18:17:11.343,1.66505,1.66537,1.00,1.00
2017.04.11 18:17:11.545,1.66509,1.6654,1.00,1.00
2017.04.11 18:17:15.033,1.66509,1.66538,1.00,1.00
2017.04.11 18:17:15.336,1.66503,1.66532,1.50,1.00
2017.04.11 18:17:15.588,1.66501,1.66532,1.00,1.00
2017.04.11 18:17:15.638,1.66501,1.6653,1.00,1.00
2017.04.11 18:17:16.252,1.665,1.66529,1.00,1.00
2017.04.11 18:17:19.134,1.66498,1.66528,1.00,1.00
2017.04.11 18:17:19.631,1.66499,1.6653,1.00,1.00
2017.04.11 18:17:21.437,1.66496,1.66527,1.00,1.00
2017.04.11 18:17:22.145,1.66498,1.66528,1.00,1.00
2017.04.11 18:17:25.875,1.66496,1.66524,1.00,1.00
2017.04.11 18:17:25.926,1.66496,1.66526,1.00,1.00
2017.04.11 18:17:25.976,1.66492,1.66522,1.50,1.00
2017.04.11 18:17:26.279,1.66495,1.66524,1.00,1.00
2017.04.11 18:17:26.865,1.66496,1.66525,1.00,1.00
2017.04.11 18:17:27.269,1.66499,1.66527,1.00,1.00
2017.04.11 18:17:27.576,1.665,1.66529,1.00,1.00
2017.04.11 18:17:30.258,1.66501,1.66532,1.00,1.00
2017.04.11 18:17:30.541,1.66503,1.66533,1.00,1.00
2017.04.11 18:17:31.015,1.66505,1.66533,1.00,1.00
2017.04.11 18:17:31.066,1.66506,1.66537,1.00,1.00
2017.04.11 18:17:31.167,1.66508,1.66538,1.00,1.00
2017.04.11 18:17:31.671,1.66509,1.66537,1.00,1.00
2017.04.11 18:17:31.872,1.6651,1.66541,1.00,1.00
2017.04.11 18:17:32.455,1.66512,1.66541,1.00,1.00
2017.04.11 18:17:32.556,1.6651,1.66541,1.00,1.00
2017.04.11 18:17:35.083,1.66509,1.6654,1.50,1.00
2017.04.11 18:17:37.447,1.6651,1.66541,1.00,1.00
2017.04.11 18:17:37.995,1.6651,1.66541,1.00,1.15
2017.04.11 18:17:38.220,1.6651,1.66541,1.00,1.00
2017.04.11 18:17:47.817,1.6651,1.66538,1.00,1.00
2017.04.11 18:17:47.968,1.66501,1.66532,1.00,1.00
2017.04.11 18:17:48.592,1.665,1.66531,1.00,1.00
2017.04.11 18:17:49.102,1.66501,1.66532,1.00,1.00
2017.04.11 18:17:49.603,1.665,1.66531,1.50,1.00
2017.04.11 18:18:10.002,1.66503,1.66531,1.00,1.00
2017.04.11 18:18:10.410,1.66504,1.66533,1.00,1.00
2017.04.11 18:18:10.611,1.66502,1.66532,1.00,1.00
2017.04.11 18:18:10.712,1.66508,1.66532,1.00,1.00
2017.04.11 18:18:10.889,1.66515,1.66542,1.00,2.25
2017.04.11 18:18:10.940,1.66515,1.66545,1.00,1.00
2017.04.11 18:18:11.187,1.66512,1.66543,1.00,1.00
2017.04.11 18:18:12.087,1.66514,1.66544,1.00,1.00
2017.04.11 18:18:12.287,1.66512,1.66543,1.50,1.00
2017.04.11 18:18:25.059,1.66511,1.66542,1.50,1.00
2017.04.11 18:18:25.741,1.66512,1.66543,1.00,1.00
2017.04.11 18:18:30.510,1.66511,1.66542,1.00,1.00
2017.04.11 18:18:31.310,1.66513,1.66542,1.00,1.00
2017.04.11 18:18:31.730,1.66511,1.66542,1.00,1.00
2017.04.11 18:18:32.916,1.66512,1.66543,1.00,1.00
2017.04.11 18:18:34.838,1.66511,1.66542,1.50,1.00
2017.04.11 18:18:35.454,1.66512,1.66543,1.00,1.00
2017.04.11 18:18:42.317,1.66514,1.66544,1.00,1.00
2017.04.11 18:18:42.618,1.66512,1.66543,1.50,1.00
2017.04.11 18:18:42.903,1.66514,1.66544,1.00,1.00
2017.04.11 18:18:43.341,1.66511,1.66542,1.00,1.00
2017.04.11 18:18:44.094,1.66512,1.66543,1.00,1.00
2017.04.11 18:18:45.136,1.66514,1.66544,1.00,1.00
2017.04.11 18:18:45.482,1.66512,1.66543,1.00,1.00
2017.04.11 18:18:50.349,1.66514,1.66543,1.00,1.00
2017.04.11 18:18:50.652,1.66523,1.66552,1.00,1.00
2017.04.11 18:18:50.923,1.66526,1.66556,1.00,1.00
2017.04.11 18:18:51.428,1.66527,1.66557,1.00,1.00
2017.04.11 18:18:52.050,1.66526,1.66556,1.00,1.00
2017.04.11 18:18:52.778,1.66527,1.66557,1.00,1.50
2017.04.11 18:18:53.370,1.66526,1.66556,1.00,1.00
2017.04.11 18:18:53.920,1.66527,1.66557,1.00,1.50
2017.04.11 18:18:54.430,1.66526,1.66555,1.00,1.00
2017.04.11 18:18:54.762,1.66524,1.66555,1.50,1.00
2017.04.11 18:18:56.060,1.66526,1.66556,1.00,1.00
2017.04.11 18:18:56.495,1.66526,1.66558,1.00,1.00
2017.04.11 18:19:00.456,1.66526,1.66556,1.00,1.00
2017.04.11 18:19:01.088,1.66524,1.66555,1.00,1.00
2017.04.11 18:19:01.239,1.6652,1.66551,1.50,1.00
2017.04.11 18:19:01.624,1.66522,1.66552,1.00,1.00
2017.04.11 18:19:01.936,1.66526,1.66556,1.00,1.00
2017.04.11 18:19:02.039,1.66527,1.66558,1.00,1.00
2017.04.11 18:19:02.439,1.66526,1.66556,1.00,1.00
2017.04.11 18:19:02.878,1.66524,1.66555,1.00,1.00
2017.04.11 18:19:02.979,1.66522,1.66552,1.00,1.00
2017.04.11 18:19:03.291,1.66524,1.66553,1.00,1.00
2017.04.11 18:19:03.454,1.66524,1.66555,1.00,1.00
2017.04.11 18:19:07.893,1.66523,1.66554,1.00,1.50
2017.04.11 18:19:08.044,1.66523,1.66552,1.00,1.00
2017.04.11 18:19:08.246,1.66518,1.66548,1.50,1.00
2017.04.11 18:19:08.846,1.66519,1.6655,1.00,1.00
2017.04.11 18:19:09.269,1.66519,1.66547,1.00,1.00
2017.04.11 18:19:09.777,1.66519,1.6655,1.00,1.00
2017.04.11 18:19:12.000,1.66521,1.66552,1.00,1.00
2017.04.11 18:19:14.857,1.6652,1.66551,1.00,1.00
2017.04.11 18:19:15.388,1.66522,1.66551,1.00,1.00
2017.04.11 18:19:15.490,1.6652,1.66551,1.00,1.00
2017.04.11 18:19:16.048,1.66519,1.6655,1.00,1.00
2017.04.11 18:19:16.845,1.6652,1.66551,1.00,1.00
2017.04.11 18:19:18.157,1.66519,1.6655,1.00,1.00
2017.04.11 18:19:18.458,1.66521,1.6655,1.00,1.00
2017.04.11 18:19:19.058,1.6652,1.66549,1.00,1.00
2017.04.11 18:19:19.259,1.6652,1.66551,1.00,1.00
2017.04.11 18:19:20.572,1.66521,1.66549,1.00,1.00
2017.04.11 18:19:20.774,1.66524,1.66554,1.00,1.00
2017.04.11 18:19:22.091,1.66522,1.66551,1.12,1.00
2017.04.11 18:19:22.394,1.66526,1.66555,1.00,1.00
2017.04.11 18:19:23.075,1.66525,1.66556,1.00,1.50
2017.04.11 18:19:23.720,1.66526,1.66556,1.00,1.00
2017.04.11 18:19:24.249,1.66525,1.66556,1.00,1.00
2017.04.11 18:19:24.794,1.66526,1.66557,1.00,1.00
2017.04.11 18:19:25.353,1.66526,1.66556,1.00,1.00
2017.04.11 18:19:26.023,1.66525,1.66556,1.00,1.00
2017.04.11 18:19:29.378,1.66524,1.66555,1.00,1.00
2017.04.11 18:19:30.414,1.66525,1.66557,1.00,1.50
2017.04.11 18:19:30.973,1.66524,1.66555,1.00,1.00
2017.04.11 18:19:31.673,1.66525,1.66553,1.00,1.00
2017.04.11 18:19:31.775,1.66526,1.66556,1.00,1.50
2017.04.11 18:19:32.352,1.66525,1.66556,1.00,1.00
2017.04.11 18:19:32.976,1.66525,1.66557,1.00,1.50
2017.04.11 18:19:34.883,1.66525,1.66556,1.00,1.00
2017.04.11 18:19:37.976,1.66522,1.66553,1.00,1.00
2017.04.11 18:19:38.291,1.6652,1.66551,1.00,1.00
2017.04.11 18:19:38.862,1.66521,1.6655,1.00,1.00
2017.04.11 18:19:38.912,1.66521,1.66552,1.00,1.00
2017.04.11 18:19:39.449,1.6652,1.66551,1.00,1.00
2017.04.11 18:19:39.919,1.66521,1.66553,1.00,1.00
2017.04.11 18:19:40.020,1.66523,1.66552,1.00,1.00
2017.04.11 18:19:40.579,1.66522,1.66552,1.00,1.00
2017.04.11 18:19:46.912,1.66522,1.66553,1.00,1.00
2017.04.11 18:19:47.761,1.66521,1.66552,1.00,1.00
2017.04.11 18:19:48.264,1.66522,1.66551,1.00,1.00
2017.04.11 18:19:48.414,1.66521,1.66553,1.00,1.50
2017.04.11 18:19:49.215,1.66522,1.66551,1.00,1.00
2017.04.11 18:19:49.747,1.66522,1.66553,1.00,1.50
2017.04.11 18:19:50.357,1.66521,1.66552,1.00,1.00
2017.04.11 18:19:50.652,1.6652,1.6655,1.00,1.00
2017.04.11 18:19:52.531,1.66517,1.66546,1.00,1.00
2017.04.11 18:19:52.835,1.66512,1.6654,1.00,1.00
2017.04.11 18:19:53.694,1.66512,1.66541,1.00,1.00
2017.04.11 18:19:56.625,1.66511,1.6654,1.00,1.00
2017.04.11 18:19:56.849,1.66511,1.66542,1.00,1.00
2017.04.11 18:19:57.489,1.6651,1.66541,1.12,1.00
2017.04.11 18:19:58.169,1.66512,1.66541,1.00,1.00
2017.04.11 18:19:58.784,1.66513,1.66544,1.00,1.00
2017.04.11 18:19:58.835,1.66519,1.66549,1.12,1.00
2017.04.11 18:19:59.138,1.66523,1.66552,1.00,1.00
2017.04.11 18:19:59.460,1.66521,1.66552,1.00,1.00
2017.04.11 18:20:00.066,1.66522,1.66551,1.00,1.00
2017.04.11 18:20:00.168,1.66519,1.66548,1.00,1.00
2017.04.11 18:20:02.733,1.66521,1.66549,1.00,1.00
2017.04.11 18:20:04.571,1.66518,1.66549,1.00,1.00
2017.04.11 18:20:04.636,1.6652,1.6655,1.00,1.00
2017.04.11 18:20:05.938,1.66519,1.66548,1.00,1.00
2017.04.11 18:20:06.862,1.6652,1.6655,1.00,1.00
2017.04.11 18:20:08.564,1.66518,1.66549,1.00,1.00
2017.04.11 18:20:08.940,1.6652,1.6655,1.00,1.00
2017.04.11 18:20:09.083,1.66521,1.66552,1.00,1.00
2017.04.11 18:20:09.373,1.66521,1.66549,1.00,1.00
2017.04.11 18:20:11.856,1.66522,1.66553,1.00,1.00
2017.04.11 18:20:12.445,1.66521,1.66552,1.00,1.00
2017.04.11 18:20:13.136,1.66522,1.66553,1.00,1.00
2017.04.11 18:20:13.966,1.66521,1.66552,1.00,1.00
2017.04.11 18:20:14.958,1.66523,1.66552,1.00,1.00
2017.04.11 18:20:15.260,1.66519,1.66548,1.00,1.00
2017.04.11 18:20:15.749,1.6652,1.6655,1.00,1.00
2017.04.11 18:20:16.481,1.66519,1.66548,1.00,1.00
2017.04.11 18:20:16.750,1.6652,1.6655,1.00,1.00
2017.04.11 18:20:17.551,1.66522,1.66551,1.00,1.00
2017.04.11 18:20:19.364,1.6652,1.6655,1.00,1.00
2017.04.11 18:20:19.465,1.66517,1.66546,1.00,1.00
2017.04.11 18:20:23.405,1.66517,1.66548,1.87,1.00
2017.04.11 18:20:23.506,1.66519,1.66549,1.00,1.00
2017.04.11 18:20:24.880,1.66517,1.66548,1.00,1.00
2017.04.11 18:20:25.070,1.66514,1.66544,1.00,1.00
2017.04.11 18:20:25.171,1.66512,1.66543,1.00,1.00
2017.04.11 18:20:25.373,1.66512,1.66541,1.00,1.00
2017.04.11 18:20:25.675,1.66511,1.66539,1.00,1.00
2017.04.11 18:20:26.206,1.66511,1.66542,2.25,1.00
2017.04.11 18:20:26.307,1.66515,1.66543,1.00,1.00
2017.04.11 18:20:26.818,1.66512,1.66543,1.00,1.00
2017.04.11 18:20:27.212,1.66514,1.66544,1.00,1.00
2017.04.11 18:20:27.363,1.66511,1.66542,1.00,1.00
2017.04.11 18:20:27.464,1.6651,1.6654,1.00,1.00
2017.04.11 18:20:30.885,1.66511,1.66542,1.00,1.00
2017.04.11 18:20:33.681,1.66512,1.66543,1.00,1.87
2017.04.11 18:20:34.720,1.66515,1.66543,1.00,1.00
2017.04.11 18:20:34.771,1.66512,1.66543,1.00,1.00
2017.04.11 18:20:43.424,1.66514,1.66544,1.00,1.00
2017.04.11 18:20:43.626,1.66515,1.66546,1.00,1.50
2017.04.11 18:20:44.447,1.66512,1.66543,1.00,1.00
2017.04.11 18:20:44.956,1.66511,1.66542,1.00,1.00
2017.04.11 18:20:45.308,1.6651,1.6654,1.00,1.00
2017.04.11 18:20:46.821,1.66511,1.66542,1.00,1.00
2017.04.11 18:20:53.641,1.66511,1.66541,1.00,1.00
2017.04.11 18:20:53.742,1.6651,1.66538,1.00,1.00
2017.04.11 18:20:54.098,1.6651,1.6654,1.00,1.00
2017.04.11 18:20:54.199,1.66511,1.66542,1.00,1.50
2017.04.11 18:20:55.026,1.66513,1.66542,1.00,1.50
2017.04.11 18:20:55.213,1.6651,1.66541,1.00,1.00
2017.04.11 18:20:55.314,1.66509,1.66538,1.00,1.00
2017.04.11 18:21:04.255,1.6651,1.66541,1.00,1.00
2017.04.11 18:21:10.091,1.6651,1.66539,1.00,1.00
2017.04.11 18:21:10.243,1.66505,1.66536,1.00,1.00
2017.04.11 18:21:10.774,1.66505,1.66536,1.37,1.00
2017.04.11 18:21:11.293,1.66506,1.66537,1.12,1.00
2017.04.11 18:21:13.098,1.66506,1.66537,1.37,1.00
2017.04.11 18:21:13.609,1.66507,1.66538,1.00,1.00
2017.04.11 18:21:16.838,1.66509,1.66539,1.00,1.00
2017.04.11 18:21:17.145,1.6651,1.66541,1.00,1.00
2017.04.11 18:21:17.246,1.66512,1.66541,1.00,1.00
2017.04.11 18:21:23.592,1.66512,1.66541,1.37,1.00
2017.04.11 18:21:24.151,1.66511,1.66542,1.37,1.50
2017.04.11 18:21:24.669,1.66511,1.66542,1.37,1.00
2017.04.11 18:21:25.472,1.66511,1.66542,1.37,1.00
2017.04.11 18:21:26.818,1.66511,1.66542,1.00,1.00
2017.04.11 18:21:27.239,1.66511,1.6654,1.00,1.00
2017.04.11 18:21:38.874,1.66511,1.66542,1.00,1.00
2017.04.11 18:21:39.459,1.66514,1.66542,1.46,1.00
2017.04.11 18:21:39.662,1.6652,1.66551,1.87,1.00
2017.04.11 18:21:39.763,1.66523,1.66552,1.00,1.00
2017.04.11 18:21:39.964,1.6652,1.66551,1.00,1.00
2017.04.11 18:21:40.510,1.66521,1.66551,1.12,1.00
2017.04.11 18:21:40.561,1.66523,1.66552,1.00,1.00
2017.04.11 18:21:41.279,1.6652,1.66551,1.00,1.00
2017.04.11 18:21:41.794,1.66519,1.6655,1.00,1.00
2017.04.11 18:21:43.398,1.66518,1.66548,1.00,1.00
2017.04.11 18:21:43.705,1.66521,1.66551,1.34,1.00
2017.04.11 18:21:43.806,1.66524,1.66555,1.00,1.00
2017.04.11 18:21:43.856,1.66528,1.66555,1.00,1.00
2017.04.11 18:21:44.058,1.66537,1.66566,1.00,1.00
2017.04.11 18:21:44.159,1.66538,1.66568,1.00,1.00
2017.04.11 18:21:44.361,1.66539,1.6657,1.00,1.00
2017.04.11 18:21:44.968,1.66539,1.66567,1.00,1.00
2017.04.11 18:21:45.599,1.66535,1.66564,1.00,1.00
2017.04.11 18:21:45.700,1.66536,1.66567,1.00,1.50
2017.04.11 18:21:45.901,1.66538,1.66568,1.00,1.00
2017.04.11 18:21:46.205,1.66527,1.66557,1.50,1.00
2017.04.11 18:21:46.549,1.66527,1.66555,1.00,1.00
2017.04.11 18:21:47.070,1.66528,1.66555,1.00,1.00
2017.04.11 18:21:47.579,1.66524,1.66555,1.50,1.00
2017.04.11 18:21:49.383,1.66523,1.66554,1.50,1.00
2017.04.11 18:21:49.663,1.66525,1.66554,1.00,1.00
2017.04.11 18:21:56.020,1.66526,1.66556,1.00,1.00
2017.04.11 18:21:58.073,1.66524,1.66555,2.62,1.00
2017.04.11 18:22:04.210,1.66524,1.66553,2.25,1.00
2017.04.11 18:22:04.490,1.66524,1.66555,2.25,1.00
2017.04.11 18:22:08.647,1.66528,1.66555,1.00,1.00
2017.04.11 18:22:08.798,1.66535,1.66566,1.50,1.50
2017.04.11 18:22:09.030,1.66535,1.66564,1.00,1.00
2017.04.11 18:22:09.413,1.66535,1.66566,1.00,1.50
2017.04.11 18:22:09.851,1.66535,1.66566,1.87,1.00
2017.04.11 18:22:10.372,1.66535,1.66566,2.62,1.00
2017.04.11 18:22:11.014,1.66535,1.66565,1.00,1.00
2017.04.11 18:22:11.419,1.66537,1.66566,1.00,1.00
2017.04.11 18:22:12.988,1.66539,1.6657,1.00,1.50
2017.04.11 18:22:13.795,1.66539,1.66569,1.00,1.00
2017.04.11 18:22:14.405,1.66538,1.66568,1.00,1.00
2017.04.11 18:22:18.413,1.66539,1.6657,1.00,1.00
2017.04.11 18:22:27.927,1.6654,1.66571,1.00,1.00
2017.04.11 18:22:29.004,1.66539,1.6657,1.00,1.00
2017.04.11 18:22:30.130,1.6654,1.66571,1.00,1.00
2017.04.11 18:22:30.234,1.66538,1.66568,1.00,1.00
2017.04.11 18:22:30.536,1.66539,1.6657,1.00,1.50
2017.04.11 18:22:30.749,1.66539,1.66567,1.00,1.00
2017.04.11 18:22:30.919,1.6654,1.66569,1.00,1.00
2017.04.11 18:22:31.278,1.6654,1.66564,1.00,1.09
2017.04.11 18:22:31.329,1.66533,1.66558,1.00,1.00
2017.04.11 18:22:31.430,1.66532,1.66563,1.50,1.00
2017.04.11 18:22:31.531,1.66537,1.66566,1.34,1.00
2017.04.11 18:22:31.632,1.66538,1.66568,1.34,1.00
2017.04.11 18:22:31.683,1.66543,1.66568,1.00,1.00
2017.04.11 18:22:31.987,1.6655,1.66568,1.00,1.00
2017.04.11 18:22:32.728,1.6655,1.6657,1.00,1.00
2017.04.11 18:22:33.276,1.66551,1.6657,1.00,1.00
2017.04.11 18:22:42.093,1.66545,1.6657,1.00,1.00
2017.04.11 18:22:42.144,1.66542,1.6657,1.00,1.00
2017.04.11 18:22:43.853,1.66539,1.6657,1.00,1.00
2017.04.11 18:22:44.466,1.6654,1.6657,1.00,1.00
2017.04.11 18:22:44.516,1.66542,1.6657,1.00,1.00
2017.04.11 18:22:44.744,1.66539,1.6657,1.00,1.00
2017.04.11 18:22:45.465,1.6654,1.6657,1.00,1.00
2017.04.11 18:22:45.969,1.66539,1.6657,1.00,1.00
2017.04.11 18:22:46.518,1.66541,1.6657,1.00,1.00
2017.04.11 18:22:48.160,1.6654,1.6657,1.00,1.00
2017.04.11 18:22:48.462,1.66538,1.66568,3.00,1.00
2017.04.11 18:22:49.383,1.66539,1.6657,1.00,1.00
2017.04.11 18:22:49.585,1.66543,1.66571,1.00,1.50
2017.04.11 18:22:49.636,1.66548,1.66577,1.00,1.00
2017.04.11 18:22:49.938,1.66548,1.66579,1.34,1.00
2017.04.11 18:22:50.469,1.66548,1.66579,1.34,1.00
2017.04.11 18:22:52.079,1.66548,1.66579,1.00,1.00
2017.04.11 18:22:52.638,1.66547,1.66578,1.00,1.00
2017.04.11 18:22:56.045,1.66546,1.66576,1.00,1.00
2017.04.11 18:22:57.778,1.66544,1.66575,1.00,1.00
2017.04.11 18:22:58.061,1.66547,1.66575,1.00,1.00
2017.04.11 18:23:01.970,1.66547,1.66572,1.00,1.00
2017.04.11 18:23:02.073,1.66541,1.6657,1.00,1.00
2017.04.11 18:23:03.971,1.6654,1.66569,1.00,1.00
2017.04.11 18:23:04.469,1.6654,1.66571,1.00,1.50
2017.04.11 18:23:04.971,1.66539,1.6657,1.00,1.00
2017.04.11 18:23:09.147,1.6654,1.66571,1.00,1.00
2017.04.11 18:23:09.688,1.66539,1.6657,1.00,1.00
2017.04.11 18:23:12.651,1.6654,1.66571,1.00,1.00
2017.04.11 18:23:13.388,1.66539,1.6657,1.00,1.00
2017.04.11 18:23:16.160,1.66538,1.66568,1.00,1.00
2017.04.11 18:23:23.961,1.66538,1.66567,1.00,1.00
2017.04.11 18:23:25.062,1.66538,1.66566,1.50,1.00
2017.04.11 18:23:25.263,1.66536,1.66567,1.00,1.00
2017.04.11 18:23:25.786,1.66537,1.66567,1.00,1.00
2017.04.11 18:23:26.021,1.66536,1.66567,1.00,1.34
2017.04.11 18:23:26.223,1.66529,1.66557,1.00,1.00
2017.04.11 18:23:26.324,1.66526,1.66556,1.00,1.00
2017.04.11 18:23:26.375,1.66529,1.66558,1.00,1.00
2017.04.11 18:23:26.476,1.66527,1.66558,1.50,1.00
2017.04.11 18:23:26.806,1.66529,1.66559,1.00,1.00
2017.04.11 18:23:27.346,1.6653,1.6656,1.00,1.00
2017.04.11 18:23:27.858,1.6653,1.66561,1.00,1.00
2017.04.11 18:23:28.387,1.66529,1.6656,1.00,1.00
2017.04.11 18:23:30.533,1.6653,1.6656,1.00,1.00
2017.04.11 18:23:31.222,1.6653,1.66561,1.00,1.00
2017.04.11 18:23:31.524,1.66532,1.66561,1.00,1.00
2017.04.11 18:23:31.885,1.66529,1.66561,1.50,1.00
2017.04.11 18:23:31.935,1.66531,1.66561,1.00,1.00
2017.04.11 18:23:32.443,1.66531,1.66562,1.50,1.00
2017.04.11 18:23:34.134,1.66531,1.66561,1.50,1.00
2017.04.11 18:23:34.888,1.6653,1.6656,1.00,1.00
2017.04.11 18:23:36.313,1.6653,1.66559,1.00,1.00
2017.04.11 18:23:36.869,1.66529,1.66559,1.50,1.50
2017.04.11 18:23:38.825,1.66529,1.66558,1.00,1.00
2017.04.11 18:23:38.926,1.66526,1.66557,1.00,1.50
2017.04.11 18:23:39.452,1.66527,1.66558,1.00,1.00
2017.04.11 18:23:39.604,1.66529,1.66559,1.00,2.25
2017.04.11 18:23:40.328,1.66528,1.66559,1.00,1.00
2017.04.11 18:23:40.780,1.66527,1.66556,1.00,1.00
2017.04.11 18:23:41.081,1.66528,1.66559,1.00,1.00
2017.04.11 18:23:47.636,1.66527,1.66556,1.00,1.00
2017.04.11 18:23:48.023,1.6652,1.66549,1.00,1.00
2017.04.11 18:23:48.388,1.66515,1.66546,1.00,1.00
2017.04.11 18:24:00.249,1.66514,1.66545,1.00,1.00
2017.04.11 18:24:00.760,1.66514,1.6654,1.00,1.50
2017.04.11 18:24:00.811,1.66511,1.6654,1.00,1.50
2017.04.11 18:24:00.912,1.66509,1.6654,1.00,1.00
2017.04.11 18:24:01.247,1.66509,1.66538,1.00,1.00
2017.04.11 18:24:03.072,1.66509,1.66537,1.00,1.34
2017.04.11 18:24:03.123,1.66504,1.66531,1.00,1.00
2017.04.11 18:24:03.224,1.665,1.66531,1.00,1.50
2017.04.11 18:24:03.627,1.66503,1.66531,1.00,1.50
2017.04.11 18:24:04.213,1.665,1.66531,1.00,1.50
2017.04.11 18:24:06.225,1.66502,1.66531,1.00,1.00
2017.04.11 18:24:06.326,1.66504,1.66535,1.50,1.50
2017.04.11 18:24:07.423,1.66505,1.66536,1.00,1.50
2017.04.11 18:24:11.446,1.66505,1.66534,1.00,1.00
2017.04.11 18:24:11.648,1.66497,1.66527,1.00,1.00
2017.04.11 18:24:12.133,1.66495,1.66526,1.00,1.00
2017.04.11 18:24:12.649,1.66497,1.66527,1.00,1.50
2017.04.11 18:24:17.024,1.66495,1.66526,1.00,1.00
2017.04.11 18:24:18.538,1.66494,1.66525,1.00,1.00
2017.04.11 18:24:25.494,1.66496,1.66525,1.00,1.00
2017.04.11 18:24:27.502,1.66496,1.66521,1.00,1.00
2017.04.11 18:24:27.553,1.66488,1.66516,1.00,1.00
2017.04.11 18:24:27.764,1.66485,1.66516,1.00,1.50
2017.04.11 18:24:28.281,1.66484,1.66515,1.00,1.00
2017.04.11 18:24:28.331,1.66486,1.66515,1.00,1.00
2017.04.11 18:24:32.958,1.66488,1.66517,1.00,1.00
2017.04.11 18:24:33.059,1.66489,1.6652,1.00,1.50
2017.04.11 18:24:33.160,1.66492,1.66522,1.00,1.00
2017.04.11 18:24:33.463,1.66494,1.66523,1.00,1.00
2017.04.11 18:24:33.765,1.66494,1.66525,1.00,1.00
2017.04.11 18:24:35.643,1.66495,1.66525,1.00,1.00
2017.04.11 18:24:36.203,1.66495,1.66526,1.00,3.00
2017.04.11 18:24:41.194,1.66495,1.66522,1.00,1.00
2017.04.11 18:24:41.346,1.66485,1.66516,1.00,1.50
2017.04.11 18:24:41.940,1.66487,1.66517,1.00,1.50
2017.04.11 18:24:42.529,1.66487,1.66516,1.00,1.00
2017.04.11 18:24:43.238,1.66487,1.66517,1.00,1.00
2017.04.11 18:24:48.854,1.66486,1.66515,1.00,1.00
2017.04.11 18:24:51.049,1.66486,1.66517,1.00,1.00
2017.04.11 18:24:58.856,1.66484,1.66516,1.00,1.00
2017.04.11 18:25:08.171,1.66484,1.66515,1.00,1.00
2017.04.11 18:25:08.675,1.66485,1.66515,1.00,1.00
2017.04.11 18:25:09.838,1.66485,1.66513,1.00,1.00
2017.04.11 18:25:09.889,1.66483,1.66514,1.00,1.00
2017.04.11 18:25:10.250,1.66483,1.66512,1.00,1.50
2017.04.11 18:25:10.535,1.66479,1.66511,1.00,1.00
2017.04.11 18:25:10.887,1.66482,1.66512,1.00,1.00
2017.04.11 18:25:11.480,1.66481,1.66512,1.00,1.50
2017.04.11 18:25:12.068,1.66483,1.66512,1.00,1.50
2017.04.11 18:25:12.786,1.66481,1.66512,1.00,1.50
2017.04.11 18:25:13.323,1.66482,1.66512,1.00,1.00
2017.04.11 18:25:13.938,1.66482,1.66513,1.00,1.50
2017.04.11 18:25:18.048,1.6648,1.6651,1.00,1.00
2017.04.11 18:25:18.252,1.66477,1.66508,1.00,1.00
2017.04.11 18:25:18.846,1.66478,1.66509,1.50,1.00
2017.04.11 18:25:20.077,1.6648,1.66509,1.00,1.00
2017.04.11 18:25:21.309,1.6648,1.6651,1.00,1.50
2017.04.11 18:25:23.953,1.6648,1.66511,1.00,1.50
2017.04.11 18:25:25.003,1.66483,1.66511,1.00,1.00
2017.04.11 18:25:25.104,1.66484,1.66513,1.00,1.00
2017.04.11 18:25:25.305,1.66482,1.6651,1.00,1.00
2017.04.11 18:25:25.830,1.6648,1.66511,1.12,1.00
2017.04.11 18:25:25.931,1.66483,1.66511,1.00,1.00
2017.04.11 18:25:26.099,1.66483,1.66514,1.00,1.35
2017.04.11 18:25:29.187,1.66484,1.66515,1.00,1.50
2017.04.11 18:25:31.566,1.66484,1.66514,1.00,1.00
2017.04.11 18:25:32.242,1.66484,1.66515,1.00,1.50
2017.04.11 18:25:32.623,1.66482,1.66512,1.00,1.00
2017.04.11 18:25:32.790,1.66483,1.66514,1.00,1.00
2017.04.11 18:25:33.692,1.66483,1.66511,1.00,1.00
2017.04.11 18:25:34.799,1.66484,1.66513,1.00,1.00
2017.04.11 18:25:39.942,1.66483,1.66511,1.50,1.00
2017.04.11 18:25:40.043,1.66484,1.66515,1.00,1.00
2017.04.11 18:25:40.211,1.66486,1.66516,1.00,1.00
2017.04.11 18:25:40.827,1.66485,1.66514,1.00,1.00
2017.04.11 18:25:41.144,1.66483,1.66514,1.00,1.50
2017.04.11 18:25:41.299,1.66483,1.66511,1.00,1.00
2017.04.11 18:25:42.417,1.6648,1.66511,1.00,1.00
2017.04.11 18:25:42.631,1.66483,1.66511,1.00,1.00
2017.04.11 18:25:43.011,1.6648,1.66511,1.00,1.00
2017.04.11 18:25:43.501,1.66482,1.66512,1.00,1.00
2017.04.11 18:25:44.048,1.6648,1.66511,1.00,1.00
2017.04.11 18:25:44.250,1.66483,1.66514,1.00,1.50
2017.04.11 18:25:45.590,1.66483,1.66513,1.00,1.00
2017.04.11 18:25:45.742,1.6648,1.66511,1.00,1.00
2017.04.11 18:25:46.348,1.66483,1.66511,1.00,1.00
2017.04.11 18:25:46.725,1.66481,1.6651,1.00,1.00
2017.04.11 18:25:49.312,1.66482,1.66511,1.00,1.00
2017.04.11 18:25:49.980,1.66482,1.66512,1.00,1.50
2017.04.11 18:25:50.247,1.6648,1.66511,1.00,1.00
2017.04.11 18:25:50.413,1.66478,1.66508,1.00,1.00
2017.04.11 18:25:50.713,1.66479,1.6651,1.00,1.00
2017.04.11 18:25:52.215,1.6648,1.66511,1.00,1.00
2017.04.11 18:25:55.325,1.66479,1.6651,1.00,1.50
2017.04.11 18:25:55.627,1.66481,1.6651,1.00,1.50
2017.04.11 18:25:57.456,1.66482,1.66511,1.00,1.00
2017.04.11 18:26:01.894,1.6648,1.66511,1.00,1.50
2017.04.11 18:26:02.427,1.66482,1.66511,1.00,1.50
2017.04.11 18:26:02.528,1.66479,1.6651,1.00,1.00
2017.04.11 18:26:02.629,1.66478,1.66508,1.00,1.00
2017.04.11 18:26:02.932,1.66477,1.66506,1.00,1.00
2017.04.11 18:26:04.560,1.6648,1.66509,1.00,1.50
2017.04.11 18:26:05.028,1.66478,1.66509,1.00,1.50
2017.04.11 18:26:06.129,1.66479,1.66509,1.00,1.00
2017.04.11 18:26:09.634,1.66478,1.66507,1.00,1.00
2017.04.11 18:26:10.509,1.66478,1.66506,1.00,1.00
2017.04.11 18:26:10.711,1.66474,1.66503,1.00,1.00
2017.04.11 18:26:10.964,1.66472,1.66502,1.00,1.50
2017.04.11 18:26:11.685,1.66475,1.66503,1.00,1.00
2017.04.11 18:26:12.339,1.66473,1.66503,1.00,1.00
2017.04.11 18:26:15.158,1.66472,1.66502,1.00,1.00
2017.04.11 18:26:17.584,1.66474,1.66503,1.00,1.50
2017.04.11 18:26:18.252,1.66472,1.66502,1.00,1.00
2017.04.11 18:26:21.567,1.66473,1.66503,1.00,1.00
2017.04.11 18:26:22.138,1.66472,1.66502,1.00,1.00
2017.04.11 18:26:22.239,1.66481,1.66502,1.00,1.00
2017.04.11 18:26:22.290,1.66482,1.66507,1.00,1.50
2017.04.11 18:26:22.391,1.66486,1.66511,1.00,1.00
2017.04.11 18:26:22.442,1.66486,1.66515,1.00,1.00
2017.04.11 18:26:22.593,1.66484,1.66514,1.00,1.00
2017.04.11 18:26:23.104,1.66483,1.66513,1.00,1.00
2017.04.11 18:26:24.484,1.66482,1.66513,1.87,1.00
2017.04.11 18:26:27.362,1.66484,1.66514,1.00,1.00
2017.04.11 18:26:30.755,1.66483,1.66512,1.00,1.00
2017.04.11 18:26:33.979,1.66481,1.66512,1.46,1.00
2017.04.11 18:26:34.800,1.66481,1.66512,1.84,1.00
2017.04.11 18:26:39.217,1.66481,1.6651,1.09,1.00
2017.04.11 18:26:44.216,1.66481,1.6651,1.34,1.00
2017.04.11 18:26:44.568,1.66481,1.66512,1.34,1.00
2017.04.11 18:26:48.148,1.66485,1.66512,1.37,1.00
2017.04.11 18:26:48.199,1.66485,1.66516,1.37,1.00
2017.04.11 18:26:48.401,1.66483,1.66512,1.00,1.00
2017.04.11 18:26:48.703,1.66484,1.66514,1.00,1.00
2017.04.11 18:26:48.973,1.66483,1.66512,1.00,1.00
2017.04.11 18:26:52.190,1.6648,1.66511,1.00,1.00
2017.04.11 18:26:52.291,1.66477,1.66506,1.00,1.00
2017.04.11 18:26:52.392,1.66475,1.66506,1.00,1.00
2017.04.11 18:26:52.594,1.66474,1.66504,1.00,1.00
2017.04.11 18:26:54.395,1.66475,1.66506,1.00,1.00
2017.04.11 18:26:56.655,1.66475,1.66501,1.00,1.50
2017.04.11 18:26:56.706,1.66471,1.665,1.00,1.00
2017.04.11 18:26:56.808,1.66469,1.66499,1.00,1.00
2017.04.11 18:26:56.921,1.66467,1.66496,1.00,1.00
2017.04.11 18:26:58.729,1.66467,1.66498,1.50,1.00
2017.04.11 18:26:59.054,1.6647,1.665,1.00,1.00
2017.04.11 18:26:59.626,1.6647,1.66501,1.00,1.00
2017.04.11 18:26:59.928,1.66472,1.66501,1.00,1.00
2017.04.11 18:27:00.244,1.66472,1.66503,1.00,1.50
2017.04.11 18:27:00.818,1.66471,1.66502,1.00,1.00
2017.04.11 18:27:01.371,1.66472,1.66503,1.00,1.50
2017.04.11 18:27:04.748,1.66471,1.66502,1.50,1.00
2017.04.11 18:27:12.137,1.66475,1.66504,1.00,1.50
2017.04.11 18:27:12.238,1.66473,1.66503,1.00,1.00
2017.04.11 18:27:12.339,1.66471,1.66502,1.50,1.00
2017.04.11 18:27:12.389,1.66471,1.665,1.00,1.00
2017.04.11 18:27:12.692,1.66465,1.66493,1.00,1.00
2017.04.11 18:27:12.743,1.66463,1.66493,1.00,1.00
2017.04.11 18:27:13.484,1.66463,1.66491,1.00,1.00
2017.04.11 18:27:15.136,1.66464,1.66491,1.00,1.00
2017.04.11 18:27:17.678,1.6646,1.66491,1.00,1.50
2017.04.11 18:27:17.729,1.6646,1.66488,1.00,1.00
2017.04.11 18:27:18.031,1.66453,1.66481,1.00,1.00
2017.04.11 18:27:18.544,1.66453,1.6648,1.00,1.00
2017.04.11 18:27:19.052,1.66453,1.66479,1.00,1.00
2017.04.11 18:27:23.196,1.6645,1.66479,1.00,1.00
2017.04.11 18:27:23.398,1.66453,1.66479,1.00,1.00
2017.04.11 18:27:23.449,1.66452,1.66481,1.00,1.50
2017.04.11 18:27:23.766,1.66449,1.6648,1.00,1.00
2017.04.11 18:27:24.069,1.66449,1.66478,1.00,1.00
2017.04.11 18:27:24.171,1.66449,1.6648,1.50,1.00
2017.04.11 18:27:24.677,1.66448,1.66479,1.00,1.00
2017.04.11 18:27:30.469,1.66449,1.6648,1.00,1.50
2017.04.11 18:27:31.115,1.66448,1.66479,1.00,1.00
2017.04.11 18:27:34.736,1.66448,1.66476,1.00,1.00
2017.04.11 18:27:39.809,1.66448,1.66475,1.00,1.00
2017.04.11 18:27:39.960,1.66439,1.66469,1.00,1.00
2017.04.11 18:27:40.547,1.66439,1.6647,1.00,1.00
2017.04.11 18:27:41.149,1.66439,1.66467,1.50,1.00
2017.04.11 18:27:41.312,1.66439,1.6647,1.50,1.00
2017.04.11 18:27:43.408,1.66443,1.6647,1.00,1.00
2017.04.11 18:27:43.620,1.66448,1.66476,1.50,1.00
2017.04.11 18:27:43.724,1.66451,1.66476,1.00,1.00
2017.04.11 18:27:43.775,1.66451,1.66479,1.00,1.00
2017.04.11 18:27:44.412,1.66451,1.6648,1.00,1.50
2017.04.11 18:27:45.007,1.66451,1.66479,1.00,1.00
2017.04.11 18:27:45.825,1.66451,1.6648,1.00,1.50
2017.04.11 18:27:46.213,1.66451,1.66476,1.00,1.00
2017.04.11 18:27:46.264,1.66446,1.66476,1.00,1.50
2017.04.11 18:27:46.315,1.66446,1.66474,1.00,1.00
2017.04.11 18:27:46.365,1.66444,1.66473,1.50,1.00
2017.04.11 18:27:46.798,1.66446,1.66477,1.00,1.50
2017.04.11 18:27:48.153,1.66448,1.66477,1.00,1.00
2017.04.11 18:27:48.422,1.66448,1.66479,1.50,1.00
2017.04.11 18:27:48.838,1.6645,1.6648,1.00,1.50
2017.04.11 18:27:49.064,1.66448,1.66479,1.50,1.00
2017.04.11 18:27:55.156,1.66447,1.66478,1.00,1.00
2017.04.11 18:27:56.434,1.66446,1.66477,1.00,1.00
2017.04.11 18:27:59.037,1.66447,1.66477,1.00,1.00
2017.04.11 18:27:59.138,1.66449,1.66479,1.00,1.50
2017.04.11 18:27:59.547,1.66448,1.66477,1.00,1.00
2017.04.11 18:28:02.873,1.66448,1.66476,1.00,1.00
2017.04.11 18:28:02.924,1.66442,1.66471,1.00,1.00
2017.04.11 18:28:03.025,1.66439,1.66469,1.50,1.00
2017.04.11 18:28:03.126,1.66437,1.66468,1.00,1.00
2017.04.11 18:28:03.328,1.66435,1.66465,1.00,1.37
2017.04.11 18:28:03.378,1.66435,1.66466,1.00,1.12
2017.04.11 18:28:03.429,1.66432,1.66463,1.00,1.00
2017.04.11 18:28:03.937,1.66433,1.66463,1.00,1.00
2017.04.11 18:28:04.038,1.66434,1.66465,1.00,1.00
2017.04.11 18:28:04.452,1.66431,1.66463,1.00,1.00
2017.04.11 18:28:04.960,1.66432,1.66462,1.00,1.00
2017.04.11 18:28:05.472,1.66438,1.66463,1.00,1.00
2017.04.11 18:28:05.657,1.6644,1.66472,1.00,1.50
2017.04.11 18:28:05.758,1.66442,1.66474,1.00,1.70
2017.04.11 18:28:06.329,1.66441,1.66471,1.00,1.00
2017.04.11 18:28:07.035,1.66441,1.66468,1.00,1.00
2017.04.11 18:28:07.261,1.66434,1.66462,1.00,1.00
2017.04.11 18:28:07.362,1.66431,1.6646,1.00,1.00
2017.04.11 18:28:07.736,1.66429,1.66459,1.00,1.50
2017.04.11 18:28:07.937,1.66427,1.66458,1.00,1.50
2017.04.11 18:28:08.038,1.6643,1.66457,1.00,1.00
2017.04.11 18:28:08.240,1.66427,1.66457,1.00,1.00
2017.04.11 18:28:08.391,1.66429,1.66457,1.00,1.00
2017.04.11 18:28:08.543,1.66431,1.66462,1.50,1.00
2017.04.11 18:28:09.119,1.66431,1.66459,1.00,1.00
2017.04.11 18:28:10.220,1.66432,1.66463,1.00,1.50
2017.04.11 18:28:11.437,1.66431,1.66462,1.00,1.00
2017.04.11 18:28:11.740,1.6643,1.6646,1.00,1.00
2017.04.11 18:28:12.335,1.66428,1.66456,1.00,1.00
2017.04.11 18:28:12.637,1.66423,1.66453,1.00,1.00
2017.04.11 18:28:13.957,1.66425,1.66452,1.00,1.00
2017.04.11 18:28:14.235,1.66422,1.66451,1.00,1.00
2017.04.11 18:28:14.286,1.66422,1.66444,1.00,1.00
2017.04.11 18:28:14.374,1.6642,1.66443,1.00,1.00
2017.04.11 18:28:14.526,1.66416,1.66444,1.00,1.50
2017.04.11 18:28:14.993,1.66418,1.66444,1.00,1.50
2017.04.11 18:28:15.247,1.66416,1.66443,1.00,1.00
2017.04.11 18:28:15.759,1.66415,1.66443,1.00,1.00
2017.04.11 18:28:16.425,1.66416,1.66443,1.00,1.50
2017.04.11 18:28:17.522,1.66416,1.66444,1.00,1.00
2017.04.11 18:28:18.194,1.66416,1.66443,1.00,1.00
2017.04.11 18:28:18.296,1.66416,1.66447,1.00,1.35
2017.04.11 18:28:18.346,1.66421,1.66448,1.00,2.85
2017.04.11 18:28:18.775,1.66416,1.66447,1.00,1.35
2017.04.11 18:28:19.437,1.66416,1.66447,1.00,2.10
2017.04.11 18:28:20.033,1.66415,1.66445,1.00,1.00
2017.04.11 18:28:21.430,1.66414,1.66443,1.00,1.00
2017.04.11 18:28:21.835,1.66412,1.66443,1.00,1.50
2017.04.11 18:28:22.381,1.66413,1.66443,1.00,1.50
2017.04.11 18:28:23.132,1.66412,1.66443,1.00,2.25
2017.04.11 18:28:23.232,1.66412,1.6644,1.00,1.00
2017.04.11 18:28:24.658,1.66412,1.66437,1.00,2.25
2017.04.11 18:28:24.860,1.66402,1.66432,1.00,2.25
2017.04.11 18:28:25.382,1.66401,1.66432,1.00,2.25
2017.04.11 18:28:26.950,1.66402,1.66432,1.00,2.25
2017.04.11 18:28:27.405,1.66402,1.6643,1.00,1.00
2017.04.11 18:28:27.671,1.66398,1.66429,1.00,2.25
2017.04.11 18:28:27.722,1.66401,1.66429,1.00,1.50
2017.04.11 18:28:27.873,1.66403,1.66432,1.00,2.25
2017.04.11 18:28:28.176,1.66404,1.66434,1.00,1.00
2017.04.11 18:28:28.675,1.66403,1.66432,1.00,1.00
2017.04.11 18:28:31.292,1.66405,1.66432,1.00,1.00
2017.04.11 18:28:31.501,1.66407,1.66438,1.00,1.00
2017.04.11 18:28:31.551,1.66405,1.66435,1.00,1.00
2017.04.11 18:28:31.652,1.66403,1.66434,1.50,1.00
2017.04.11 18:28:31.976,1.66406,1.66434,1.00,1.00
2017.04.11 18:28:32.574,1.66406,1.66437,1.00,1.00
2017.04.11 18:28:32.675,1.66404,1.66434,1.00,1.00
2017.04.11 18:28:33.558,1.66403,1.66432,1.00,1.00
2017.04.11 18:28:33.969,1.66397,1.66428,1.00,1.00
2017.04.11 18:28:34.070,1.66393,1.66424,2.25,1.00
2017.04.11 18:28:34.576,1.66392,1.66422,1.50,1.00
2017.04.11 18:28:34.793,1.66393,1.66424,1.50,1.00
2017.04.11 18:28:35.046,1.66393,1.66421,1.00,1.00
2017.04.11 18:28:35.847,1.66393,1.66424,1.00,1.00
2017.04.11 18:28:36.372,1.66395,1.66424,1.00,1.00
2017.04.11 18:28:37.092,1.66395,1.66426,1.00,1.50
2017.04.11 18:28:37.143,1.664,1.66426,1.00,1.00
2017.04.11 18:28:37.194,1.66401,1.6643,1.00,1.00
2017.04.11 18:28:37.698,1.66403,1.66434,1.00,1.00
2017.04.11 18:28:37.800,1.66405,1.66435,1.00,2.10
2017.04.11 18:28:38.117,1.66403,1.66432,1.00,1.00
2017.04.11 18:28:38.772,1.66401,1.66432,1.50,1.00
2017.04.11 18:28:39.374,1.664,1.6643,1.00,1.00
2017.04.11 18:28:39.695,1.66402,1.66432,1.00,1.00
2017.04.11 18:28:40.052,1.66405,1.66433,1.00,1.00
2017.04.11 18:28:44.561,1.66406,1.66435,1.00,1.50
2017.04.11 18:28:45.333,1.66406,1.66434,1.00,1.00
2017.04.11 18:28:45.941,1.66406,1.66435,1.00,1.50
2017.04.11 18:28:47.994,1.66406,1.66437,1.50,1.00
2017.04.11 18:28:48.326,1.6641,1.66437,1.00,1.00
2017.04.11 18:28:48.377,1.6641,1.66439,1.00,1.00
2017.04.11 18:28:48.478,1.66411,1.66442,1.50,1.00
2017.04.11 18:28:49.016,1.66412,1.66443,1.50,1.00
2017.04.11 18:28:49.066,1.66415,1.66443,1.00,1.00
2017.04.11 18:28:49.802,1.66412,1.66443,1.50,1.00
2017.04.11 18:28:50.065,1.66414,1.66444,1.00,1.00
2017.04.11 18:28:51.204,1.66412,1.66443,1.50,1.00
2017.04.11 18:28:53.129,1.66411,1.66442,1.00,1.00
2017.04.11 18:28:53.376,1.66415,1.66443,1.00,1.00
2017.04.11 18:28:53.686,1.66412,1.66443,1.00,1.00
2017.04.11 18:28:58.808,1.66412,1.66441,1.00,1.00
2017.04.11 18:28:59.286,1.66412,1.66443,1.50,1.00
2017.04.11 18:28:59.402,1.66414,1.66444,1.00,1.50
2017.04.11 18:29:00.486,1.66413,1.66442,1.00,1.00
2017.04.11 18:29:02.084,1.66414,1.66444,1.00,1.00
2017.04.11 18:29:02.694,1.66413,1.66443,1.00,1.00
2017.04.11 18:29:04.180,1.66414,1.66444,1.00,1.00
2017.04.11 18:29:05.012,1.66415,1.66446,1.00,1.12
2017.04.11 18:29:08.656,1.66408,1.66438,1.00,1.00
2017.04.11 18:29:08.908,1.66406,1.66437,1.00,1.00
2017.04.11 18:29:09.086,1.66406,1.66434,1.00,1.00
2017.04.11 18:29:09.187,1.66407,1.66437,1.00,1.00
2017.04.11 18:29:09.288,1.66409,1.66437,1.00,1.00
2017.04.11 18:29:09.389,1.6641,1.66441,1.00,1.00
2017.04.11 18:29:09.591,1.6641,1.66439,1.00,1.00
2017.04.11 18:29:10.124,1.66411,1.66439,1.00,1.00
2017.04.11 18:29:10.392,1.66412,1.66441,1.00,1.00
2017.04.11 18:29:10.890,1.6641,1.66441,1.50,1.00
2017.04.11 18:29:10.991,1.6641,1.66439,1.00,1.00
2017.04.11 18:29:11.213,1.6641,1.66441,1.00,1.00
2017.04.11 18:29:11.314,1.66412,1.66441,1.00,1.00
2017.04.11 18:29:11.589,1.6641,1.66441,1.00,1.00
2017.04.11 18:29:11.826,1.66409,1.66439,1.50,1.00
2017.04.11 18:29:12.404,1.66411,1.66439,1.00,1.00
2017.04.11 18:29:12.854,1.66413,1.66439,1.00,1.00
2017.04.11 18:29:12.904,1.66414,1.66443,1.00,1.00
2017.04.11 18:29:13.005,1.66415,1.66445,1.00,1.00
2017.04.11 18:29:13.929,1.66413,1.66444,2.25,1.00
2017.04.11 18:29:14.127,1.66415,1.66444,1.00,1.00
2017.04.11 18:29:14.458,1.66417,1.66446,1.00,1.00
2017.04.11 18:29:16.996,1.66417,1.66448,1.00,1.12
2017.04.11 18:29:18.597,1.6642,1.66448,1.00,1.00
2017.04.11 18:29:18.749,1.66421,1.66452,1.00,1.12
2017.04.11 18:29:18.799,1.66425,1.66452,1.00,1.37
2017.04.11 18:29:18.900,1.66416,1.66447,1.50,1.00
2017.04.11 18:29:20.000,1.66417,1.66448,1.00,1.00
2017.04.11 18:29:20.296,1.66417,1.66448,1.00,1.37
2017.04.11 18:29:20.810,1.66416,1.66445,1.00,1.00
