2017.04.07 15:00:00.259,1.65895,1.65923,1.00,1.00
2017.04.07 15:00:00.360,1.65896,1.65926,1.00,1.00
2017.04.07 15:00:00.462,1.65904,1.65925,1.00,1.00
2017.04.07 15:00:00.563,1.65903,1.65931,1.00,1.50
2017.04.07 15:00:00.765,1.65905,1.65935,1.00,1.00
2017.04.07 15:00:01.138,1.65908,1.65937,1.00,1.00
2017.04.07 15:00:01.441,1.65912,1.65942,1.00,1.50
2017.04.07 15:00:01.542,1.65909,1.65939,1.00,1.00
2017.04.07 15:00:01.970,1.65911,1.65939,1.00,1.00
2017.04.07 15:00:02.071,1.65909,1.65939,1.00,1.00
2017.04.07 15:00:02.228,1.65911,1.65941,1.00,1.00
2017.04.07 15:00:02.530,1.65913,1.65941,1.00,1.00
2017.04.07 15:00:03.050,1.65912,1.6594,1.00,1.00
2017.04.07 15:00:03.276,1.65909,1.65939,1.50,1.00
2017.04.07 15:00:03.378,1.65906,1.65936,1.00,1.00
2017.04.07 15:00:03.681,1.65908,1.65936,1.00,1.00
2017.04.07 15:00:03.732,1.65905,1.65935,1.34,1.00
2017.04.07 15:00:03.833,1.65908,1.65936,1.37,1.00
2017.04.07 15:00:04.165,1.65918,1.65942,1.00,1.00
2017.04.07 15:00:04.317,1.65918,1.65948,1.50,1.50
2017.04.07 15:00:04.469,1.65918,1.65946,1.00,1.00
2017.04.07 15:00:04.773,1.6592,1.65949,1.00,1.00
2017.04.07 15:00:04.975,1.65918,1.65948,1.50,1.00
2017.04.07 15:00:05.523,1.65919,1.65947,1.00,1.00
2017.04.07 15:00:07.174,1.65915,1.65943,1.00,1.00
2017.04.07 15:00:07.478,1.65918,1.65943,1.34,1.00
2017.04.07 15:00:07.630,1.65923,1.65946,1.09,1.00
2017.04.07 15:00:07.758,1.65923,1.65952,1.00,1.00
2017.04.07 15:00:07.859,1.65923,1.65948,1.00,1.00
2017.04.07 15:00:07.960,1.65915,1.65945,2.25,1.00
2017.04.07 15:00:08.255,1.65915,1.65943,1.00,1.00
2017.04.07 15:00:09.088,1.65913,1.65943,1.00,1.00
2017.04.07 15:00:09.611,1.65914,1.65942,1.00,1.00
2017.04.07 15:00:09.762,1.6591,1.65939,1.00,1.00
2017.04.07 15:00:09.964,1.65913,1.65941,1.00,1.00
2017.04.07 15:00:10.266,1.6591,1.6594,1.00,1.00
2017.04.07 15:00:11.787,1.6591,1.6594,1.34,1.00
2017.04.07 15:00:11.838,1.65912,1.6594,1.46,1.00
2017.04.07 15:00:12.019,1.65918,1.65948,1.00,1.00
2017.04.07 15:00:12.323,1.65924,1.65948,1.00,1.00
2017.04.07 15:00:12.547,1.65919,1.65946,1.00,1.00
2017.04.07 15:00:12.648,1.65919,1.65948,1.00,1.00
2017.04.07 15:00:13.226,1.65918,1.65948,1.00,1.00
2017.04.07 15:00:13.278,1.65916,1.65949,1.00,1.00
2017.04.07 15:00:13.611,1.65918,1.65949,1.00,1.00
2017.04.07 15:00:13.763,1.65918,1.65951,1.00,1.50
2017.04.07 15:00:14.187,1.65916,1.65952,1.00,1.50
2017.04.07 15:00:14.995,1.65917,1.6595,1.00,1.00
2017.04.07 15:00:15.298,1.65916,1.65952,1.50,1.50
2017.04.07 15:00:15.349,1.65916,1.6595,1.00,1.00
2017.04.07 15:00:15.650,1.65919,1.65951,1.00,1.00
2017.04.07 15:00:15.802,1.65916,1.65951,1.00,1.00
2017.04.07 15:00:16.104,1.65916,1.65943,1.00,1.00
2017.04.07 15:00:16.304,1.65912,1.65944,1.50,1.00
2017.04.07 15:00:16.355,1.65917,1.65947,1.37,1.50
2017.04.07 15:00:16.405,1.65917,1.65951,1.37,1.09
2017.04.07 15:00:16.456,1.65918,1.65951,1.75,1.09
2017.04.07 15:00:16.759,1.65934,1.65962,1.00,1.50
2017.04.07 15:00:16.809,1.65934,1.65964,1.00,1.00
2017.04.07 15:00:17.062,1.6593,1.65964,1.00,1.00
2017.04.07 15:00:17.213,1.65938,1.65964,1.00,1.00
2017.04.07 15:00:17.469,1.6593,1.65964,1.50,1.00
2017.04.07 15:00:18.073,1.6593,1.65965,1.00,1.00
2017.04.07 15:00:18.155,1.65932,1.6596,1.00,1.00
2017.04.07 15:00:18.467,1.6593,1.6596,1.50,1.00
2017.04.07 15:00:18.518,1.6593,1.6596,2.59,1.00
2017.04.07 15:00:18.619,1.65933,1.65963,2.21,1.00
2017.04.07 15:00:18.670,1.65935,1.65963,2.92,1.00
2017.04.07 15:00:18.721,1.65935,1.65963,1.00,1.00
2017.04.07 15:00:18.900,1.65935,1.65965,1.00,1.00
2017.04.07 15:00:19.203,1.65938,1.65966,1.00,1.00
2017.04.07 15:00:19.304,1.65934,1.65964,1.00,1.00
2017.04.07 15:00:19.607,1.65936,1.65966,1.00,1.00
2017.04.07 15:00:19.959,1.65938,1.65966,1.00,1.00
2017.04.07 15:00:20.143,1.65936,1.65967,1.00,1.00
2017.04.07 15:00:20.225,1.65936,1.65965,1.00,1.00
2017.04.07 15:00:20.276,1.65933,1.65963,1.00,1.00
2017.04.07 15:00:21.866,1.65934,1.65963,1.00,1.00
2017.04.07 15:00:22.413,1.65933,1.65963,1.50,1.00
2017.04.07 15:00:22.463,1.6593,1.65958,1.50,1.00
2017.04.07 15:00:22.564,1.65928,1.65958,1.50,1.00
2017.04.07 15:00:22.766,1.65928,1.65956,1.50,1.00
2017.04.07 15:00:23.304,1.65928,1.65955,1.00,1.00
2017.04.07 15:00:23.618,1.65925,1.65953,1.00,1.00
2017.04.07 15:00:23.820,1.65923,1.65953,1.00,1.00
2017.04.07 15:00:23.871,1.65923,1.65951,1.00,1.00
2017.04.07 15:00:23.972,1.6592,1.6595,1.00,1.00
2017.04.07 15:00:24.123,1.6592,1.6595,1.00,1.50
2017.04.07 15:00:24.174,1.65918,1.65947,1.00,1.00
2017.04.07 15:00:24.224,1.65918,1.65946,1.00,1.37
2017.04.07 15:00:24.376,1.65913,1.65942,1.00,1.00
2017.04.07 15:00:24.949,1.65913,1.65939,1.00,1.00
2017.04.07 15:00:25.151,1.65913,1.65942,1.00,1.00
2017.04.07 15:00:25.353,1.65913,1.65939,1.34,1.00
2017.04.07 15:00:25.454,1.65914,1.65944,1.50,1.00
2017.04.07 15:00:25.756,1.65916,1.65944,1.00,1.00
2017.04.07 15:00:26.076,1.6592,1.65948,1.00,1.00
2017.04.07 15:00:26.128,1.65924,1.65954,1.00,1.50
2017.04.07 15:00:26.538,1.65923,1.6595,1.00,1.00
2017.04.07 15:00:27.042,1.65923,1.65949,1.00,1.00
2017.04.07 15:00:27.143,1.65919,1.65949,1.50,1.00
2017.04.07 15:00:27.420,1.65917,1.65939,1.00,1.00
2017.04.07 15:00:27.479,1.65912,1.65939,1.00,1.00
2017.04.07 15:00:27.846,1.65909,1.65939,1.50,1.00
2017.04.07 15:00:28.363,1.65909,1.65938,1.00,1.00
2017.04.07 15:00:28.907,1.65908,1.65938,1.50,1.00
2017.04.07 15:00:29.423,1.65909,1.65938,1.00,1.00
2017.04.07 15:00:30.011,1.65908,1.65938,1.50,1.00
2017.04.07 15:00:30.422,1.65908,1.65936,1.00,1.00
2017.04.07 15:00:30.635,1.65908,1.65938,1.50,1.00
2017.04.07 15:00:30.938,1.65909,1.65935,1.00,1.00
2017.04.07 15:00:31.139,1.65908,1.65938,1.50,1.00
2017.04.07 15:00:31.767,1.6591,1.65938,1.00,1.00
2017.04.07 15:00:32.097,1.65915,1.65943,1.00,1.00
2017.04.07 15:00:32.450,1.65917,1.65947,1.00,1.00
2017.04.07 15:00:32.602,1.65919,1.65948,1.87,1.00
2017.04.07 15:00:32.703,1.65923,1.65951,1.50,1.00
2017.04.07 15:00:32.753,1.65927,1.65955,1.00,1.00
2017.04.07 15:00:32.955,1.65928,1.65957,1.00,1.00
2017.04.07 15:00:33.244,1.65931,1.65959,1.00,1.00
2017.04.07 15:00:33.446,1.65931,1.65961,1.00,1.00
2017.04.07 15:00:33.547,1.65933,1.65963,1.00,1.00
2017.04.07 15:00:34.061,1.65935,1.65965,1.00,1.00
2017.04.07 15:00:35.024,1.65935,1.65963,1.00,1.00
2017.04.07 15:00:36.145,1.65933,1.65963,1.00,1.00
2017.04.07 15:00:36.751,1.65934,1.65963,1.84,1.00
2017.04.07 15:00:36.853,1.65937,1.65967,1.34,1.00
2017.04.07 15:00:36.954,1.65937,1.65967,1.00,1.00
2017.04.07 15:00:37.558,1.65935,1.65965,1.00,1.00
2017.04.07 15:00:37.861,1.65933,1.65963,1.00,1.00
2017.04.07 15:00:38.163,1.65933,1.65961,1.00,1.00
2017.04.07 15:00:39.479,1.6593,1.6596,1.00,1.00
2017.04.07 15:00:39.530,1.65932,1.65959,1.00,1.00
2017.04.07 15:00:39.732,1.65933,1.65961,1.00,1.00
2017.04.07 15:00:39.831,1.65931,1.65961,1.00,1.00
2017.04.07 15:00:40.377,1.65932,1.65962,1.00,1.00
2017.04.07 15:00:41.757,1.6593,1.65959,1.00,1.00
2017.04.07 15:00:42.250,1.65934,1.65962,1.00,1.00
2017.04.07 15:00:42.351,1.65931,1.65961,1.00,1.00
2017.04.07 15:00:42.452,1.65926,1.65955,1.00,1.00
2017.04.07 15:00:42.553,1.65923,1.65953,1.00,1.00
2017.04.07 15:00:42.856,1.65926,1.65954,1.00,1.00
2017.04.07 15:00:43.355,1.65928,1.65954,1.50,1.00
2017.04.07 15:00:43.456,1.65933,1.6596,1.00,1.50
2017.04.07 15:00:43.557,1.65933,1.65963,1.00,1.00
2017.04.07 15:00:44.674,1.65932,1.65962,1.00,1.00
2017.04.07 15:00:45.202,1.65933,1.65962,1.00,1.00
2017.04.07 15:00:45.897,1.65934,1.65962,1.00,1.00
2017.04.07 15:00:46.557,1.65933,1.65962,1.00,1.00
2017.04.07 15:00:47.145,1.65932,1.65962,1.00,1.00
2017.04.07 15:00:47.656,1.65933,1.65963,1.00,1.50
2017.04.07 15:00:47.908,1.65938,1.65963,1.00,1.50
2017.04.07 15:00:48.060,1.65933,1.6596,1.00,1.00
2017.04.07 15:00:48.363,1.65933,1.65958,1.00,1.00
2017.04.07 15:00:48.989,1.65934,1.65958,1.00,1.00
2017.04.07 15:00:49.040,1.65928,1.65958,1.50,1.00
2017.04.07 15:00:49.191,1.65928,1.65956,1.00,1.00
2017.04.07 15:00:49.494,1.65929,1.65958,1.12,1.00
2017.04.07 15:00:50.042,1.65928,1.65958,1.50,1.50
2017.04.07 15:00:50.194,1.65926,1.65956,1.00,1.00
2017.04.07 15:00:50.498,1.65929,1.65957,1.00,1.00
2017.04.07 15:00:50.649,1.6593,1.6596,1.00,1.00
2017.04.07 15:00:50.901,1.65934,1.6596,1.00,1.00
2017.04.07 15:00:51.053,1.65931,1.65961,1.00,1.00
2017.04.07 15:00:51.387,1.65931,1.65959,1.00,1.00
2017.04.07 15:00:51.590,1.65926,1.65956,1.50,1.00
2017.04.07 15:00:52.537,1.65922,1.65952,1.50,1.00
2017.04.07 15:00:52.840,1.65927,1.65955,1.00,1.00
2017.04.07 15:00:54.462,1.65925,1.65953,1.00,1.00
2017.04.07 15:00:54.663,1.65923,1.65953,1.84,1.00
2017.04.07 15:00:55.840,1.65923,1.65953,1.84,1.00
2017.04.07 15:00:55.891,1.65926,1.65956,1.00,1.50
2017.04.07 15:00:56.095,1.65924,1.65954,1.00,1.50
2017.04.07 15:00:56.599,1.65923,1.65953,1.50,1.00
2017.04.07 15:00:57.165,1.65925,1.65953,1.00,1.00
2017.04.07 15:00:57.498,1.65917,1.65947,1.00,1.00
2017.04.07 15:00:58.002,1.65916,1.65946,1.00,1.00
2017.04.07 15:00:58.528,1.65917,1.65947,1.00,1.00
2017.04.07 15:00:59.480,1.65914,1.65944,1.00,1.00
2017.04.07 15:00:59.888,1.65916,1.65946,1.00,1.00
2017.04.07 15:01:00.812,1.65914,1.65944,1.50,1.00
2017.04.07 15:01:01.115,1.65914,1.65942,1.00,1.00
2017.04.07 15:01:01.683,1.65913,1.65943,1.00,1.00
2017.04.07 15:01:02.230,1.65914,1.65943,1.00,1.00
2017.04.07 15:01:02.809,1.65913,1.65943,1.00,1.00
2017.04.07 15:01:03.339,1.65912,1.65942,1.84,1.00
2017.04.07 15:01:03.761,1.65914,1.65941,1.00,1.00
2017.04.07 15:01:04.013,1.65913,1.65943,1.00,1.00
2017.04.07 15:01:04.205,1.65911,1.65939,1.50,1.00
2017.04.07 15:01:04.510,1.65916,1.65946,1.00,1.00
2017.04.07 15:01:04.712,1.65915,1.65943,1.00,1.00
2017.04.07 15:01:05.591,1.65916,1.65946,1.00,1.50
2017.04.07 15:01:05.692,1.65913,1.65943,1.00,1.00
2017.04.07 15:01:05.995,1.65911,1.6594,1.00,1.00
2017.04.07 15:01:06.348,1.65912,1.65942,1.00,1.00
2017.04.07 15:01:06.907,1.65911,1.6594,1.00,1.00
2017.04.07 15:01:07.411,1.65911,1.65939,1.00,1.00
2017.04.07 15:01:08.000,1.65913,1.65941,1.00,1.00
2017.04.07 15:01:08.382,1.6591,1.65938,1.00,1.00
2017.04.07 15:01:08.584,1.6591,1.6594,1.00,1.00
2017.04.07 15:01:08.685,1.65908,1.65935,1.00,1.00
2017.04.07 15:01:09.257,1.65909,1.65935,1.00,1.00
2017.04.07 15:01:09.711,1.65909,1.65938,1.00,1.00
2017.04.07 15:01:09.878,1.65909,1.65935,1.00,1.00
2017.04.07 15:01:10.379,1.65909,1.65938,1.00,1.00
2017.04.07 15:01:10.734,1.65909,1.65936,1.00,1.00
2017.04.07 15:01:11.340,1.65913,1.65936,1.00,1.00
2017.04.07 15:01:11.442,1.65911,1.65936,1.00,1.00
2017.04.07 15:01:11.493,1.65911,1.65941,1.50,1.00
2017.04.07 15:01:11.544,1.65913,1.65941,1.00,1.00
2017.04.07 15:01:11.595,1.65914,1.65944,1.00,1.00
2017.04.07 15:01:11.882,1.65916,1.65944,1.00,1.00
2017.04.07 15:01:12.409,1.65912,1.6594,1.50,1.00
2017.04.07 15:01:12.510,1.6591,1.6594,1.00,1.00
2017.04.07 15:01:12.662,1.65912,1.6594,1.00,1.00
2017.04.07 15:01:12.813,1.65914,1.65944,1.00,1.00
2017.04.07 15:01:12.914,1.65916,1.65946,1.00,1.00
2017.04.07 15:01:13.216,1.65918,1.65948,1.00,1.00
2017.04.07 15:01:13.807,1.65917,1.65947,1.50,1.00
2017.04.07 15:01:14.311,1.6592,1.65948,1.00,1.00
2017.04.07 15:01:14.910,1.6592,1.6595,1.00,1.00
2017.04.07 15:01:15.233,1.65923,1.6595,1.00,1.00
2017.04.07 15:01:15.284,1.6592,1.6595,1.00,1.00
2017.04.07 15:01:15.335,1.65923,1.6595,1.00,1.00
2017.04.07 15:01:16.372,1.65923,1.65951,1.00,1.00
2017.04.07 15:01:17.112,1.65924,1.65954,1.34,1.00
2017.04.07 15:01:17.313,1.65926,1.65954,1.34,1.00
2017.04.07 15:01:17.414,1.65931,1.65959,1.00,1.00
2017.04.07 15:01:17.794,1.65929,1.65956,1.00,1.00
2017.04.07 15:01:17.895,1.6593,1.65959,1.00,1.00
2017.04.07 15:01:17.996,1.65931,1.65961,1.00,1.00
2017.04.07 15:01:18.097,1.65935,1.65963,1.00,1.00
2017.04.07 15:01:18.148,1.65935,1.65965,1.00,1.00
2017.04.07 15:01:18.198,1.65933,1.6596,1.00,1.00
2017.04.07 15:01:18.526,1.65933,1.65962,1.00,1.00
2017.04.07 15:01:18.728,1.65932,1.65956,1.00,1.00
2017.04.07 15:01:18.879,1.65925,1.6595,1.00,1.00
2017.04.07 15:01:18.930,1.65925,1.65946,1.00,1.00
2017.04.07 15:01:19.031,1.65918,1.65946,1.00,1.00
2017.04.07 15:01:19.133,1.65923,1.65947,1.00,1.00
2017.04.07 15:01:19.235,1.65919,1.65947,1.72,1.00
2017.04.07 15:01:19.336,1.65922,1.65952,1.00,1.00
2017.04.07 15:01:19.387,1.65923,1.65952,1.70,1.00
2017.04.07 15:01:19.529,1.65924,1.65954,1.50,1.00
2017.04.07 15:01:19.579,1.65929,1.65954,1.00,1.00
2017.04.07 15:01:19.832,1.65925,1.65951,1.00,1.00
2017.04.07 15:01:19.933,1.65921,1.65951,1.00,1.00
2017.04.07 15:01:20.034,1.6592,1.65948,1.00,1.00
2017.04.07 15:01:20.236,1.65922,1.65952,1.00,1.00
2017.04.07 15:01:21.077,1.65928,1.65952,1.00,1.00
2017.04.07 15:01:21.329,1.65923,1.65948,1.00,1.00
2017.04.07 15:01:21.430,1.65928,1.6595,1.00,1.00
2017.04.07 15:01:21.683,1.6592,1.6595,1.00,1.00
2017.04.07 15:01:21.934,1.6592,1.65948,1.00,1.00
2017.04.07 15:01:22.535,1.65921,1.65948,1.00,1.00
2017.04.07 15:01:23.050,1.6592,1.65948,1.50,1.00
2017.04.07 15:01:23.364,1.65917,1.65945,1.00,1.00
2017.04.07 15:01:23.868,1.65916,1.65944,1.50,1.00
2017.04.07 15:01:24.020,1.65919,1.65949,1.00,1.00
2017.04.07 15:01:24.553,1.65918,1.65946,1.00,1.00
2017.04.07 15:01:24.805,1.6592,1.6595,1.00,1.00
2017.04.07 15:01:24.906,1.65925,1.65953,1.00,1.00
2017.04.07 15:01:25.328,1.65932,1.65956,1.00,1.00
2017.04.07 15:01:25.412,1.65923,1.65951,1.00,1.00
2017.04.07 15:01:25.513,1.6592,1.65948,1.00,1.00
2017.04.07 15:01:25.665,1.65918,1.65948,1.50,1.00
2017.04.07 15:01:25.766,1.65923,1.65947,1.00,1.00
2017.04.07 15:01:25.817,1.65918,1.65948,1.00,1.00
2017.04.07 15:01:26.019,1.65918,1.65945,1.00,1.00
2017.04.07 15:01:26.069,1.65915,1.65945,2.25,1.00
2017.04.07 15:01:26.221,1.65918,1.65948,1.00,1.00
2017.04.07 15:01:26.824,1.65924,1.65947,1.00,1.00
2017.04.07 15:01:26.925,1.65919,1.65949,1.00,1.00
2017.04.07 15:01:27.077,1.65923,1.65948,1.00,1.00
2017.04.07 15:01:27.228,1.65918,1.65946,1.00,1.00
2017.04.07 15:01:27.329,1.65916,1.65946,1.00,1.00
2017.04.07 15:01:27.430,1.65914,1.65942,1.50,1.00
2017.04.07 15:01:27.858,1.65911,1.65941,1.50,1.00
2017.04.07 15:01:27.960,1.65913,1.65941,1.00,1.00
2017.04.07 15:01:28.213,1.65913,1.65943,1.00,1.00
2017.04.07 15:01:28.611,1.65915,1.65943,1.00,1.00
2017.04.07 15:01:29.755,1.65913,1.65943,1.00,1.00
2017.04.07 15:01:30.057,1.65912,1.6594,1.00,1.00
2017.04.07 15:01:30.410,1.65914,1.6594,1.00,1.00
2017.04.07 15:01:30.461,1.65914,1.65944,1.50,1.00
2017.04.07 15:01:31.162,1.65913,1.65942,1.00,1.00
2017.04.07 15:01:31.666,1.65913,1.65941,1.00,1.00
2017.04.07 15:01:31.969,1.65911,1.65937,1.00,1.00
2017.04.07 15:01:32.202,1.65911,1.65941,2.25,1.00
2017.04.07 15:01:32.744,1.65912,1.65941,1.00,1.00
2017.04.07 15:01:33.317,1.65912,1.6594,1.50,1.00
2017.04.07 15:01:33.879,1.65912,1.6594,1.50,1.34
2017.04.07 15:01:34.383,1.65911,1.65938,1.00,1.00
2017.04.07 15:01:34.434,1.65911,1.6594,1.00,1.00
2017.04.07 15:01:34.535,1.65911,1.65942,1.50,1.00
2017.04.07 15:01:34.774,1.65914,1.65942,1.00,1.00
2017.04.07 15:01:35.077,1.65923,1.6594,1.00,1.00
2017.04.07 15:01:35.127,1.65923,1.65947,1.00,1.00
2017.04.07 15:01:35.631,1.65919,1.65944,1.00,1.00
2017.04.07 15:01:36.157,1.65919,1.65945,1.00,1.00
2017.04.07 15:01:36.822,1.65919,1.65944,1.00,1.00
2017.04.07 15:01:36.923,1.65924,1.65944,1.00,1.00
2017.04.07 15:01:37.115,1.65924,1.65948,1.00,1.00
2017.04.07 15:01:37.166,1.65924,1.6595,1.00,1.00
2017.04.07 15:01:37.491,1.65929,1.65953,1.00,1.00
2017.04.07 15:01:37.560,1.65924,1.65954,1.12,1.00
2017.04.07 15:01:37.662,1.65929,1.65953,1.00,1.00
2017.04.07 15:01:37.863,1.65929,1.65955,1.00,1.00
2017.04.07 15:01:38.166,1.65928,1.65957,1.00,1.00
2017.04.07 15:01:38.267,1.65928,1.65954,1.00,1.00
2017.04.07 15:01:38.318,1.65924,1.65954,1.00,1.00
2017.04.07 15:01:38.470,1.65928,1.65958,1.00,1.00
2017.04.07 15:01:38.817,1.65933,1.65956,1.00,1.00
2017.04.07 15:01:38.867,1.65926,1.65956,1.00,1.00
2017.04.07 15:01:38.969,1.65928,1.65956,1.00,1.00
2017.04.07 15:01:39.170,1.6593,1.65959,1.00,1.00
2017.04.07 15:01:39.473,1.65932,1.6596,1.00,1.00
2017.04.07 15:01:39.949,1.65932,1.65962,1.00,1.00
2017.04.07 15:01:40.459,1.65938,1.65961,1.00,1.00
2017.04.07 15:01:40.560,1.65935,1.65963,1.00,1.00
2017.04.07 15:01:40.711,1.65938,1.65963,1.00,1.00
2017.04.07 15:01:40.762,1.65933,1.65963,1.00,1.12
2017.04.07 15:01:40.964,1.65933,1.65961,1.00,1.00
2017.04.07 15:01:41.465,1.65932,1.65962,1.00,1.00
2017.04.07 15:01:41.997,1.65933,1.65963,1.00,1.50
2017.04.07 15:01:42.299,1.65935,1.65964,1.00,1.00
2017.04.07 15:01:42.735,1.65933,1.65963,1.00,1.00
2017.04.07 15:01:43.037,1.65931,1.65961,1.00,1.50
2017.04.07 15:01:43.340,1.65928,1.65956,1.50,1.00
2017.04.07 15:01:43.441,1.65928,1.65958,1.50,1.00
2017.04.07 15:01:43.744,1.65928,1.65956,1.00,1.00
2017.04.07 15:01:44.282,1.65928,1.65957,1.00,1.00
2017.04.07 15:01:44.636,1.65928,1.65955,1.00,1.00
2017.04.07 15:01:44.837,1.65928,1.65957,1.00,1.00
2017.04.07 15:01:45.347,1.65933,1.65962,1.50,1.00
2017.04.07 15:01:45.500,1.65939,1.65967,1.00,1.00
2017.04.07 15:01:46.016,1.6594,1.65968,1.00,1.00
2017.04.07 15:01:46.269,1.65935,1.65963,1.00,1.00
2017.04.07 15:01:46.678,1.6593,1.6596,1.00,1.00
2017.04.07 15:01:47.290,1.65933,1.65961,1.00,1.00
2017.04.07 15:01:47.441,1.6593,1.6596,1.00,1.00
2017.04.07 15:01:48.075,1.65932,1.65962,1.00,1.00
2017.04.07 15:01:48.782,1.65929,1.65959,2.25,1.00
2017.04.07 15:01:49.329,1.6593,1.6596,1.00,1.00
2017.04.07 15:01:49.632,1.65933,1.65961,1.00,1.00
2017.04.07 15:01:49.935,1.65931,1.65959,1.00,1.00
2017.04.07 15:01:50.475,1.6593,1.6596,1.00,1.00
2017.04.07 15:01:50.929,1.65932,1.6596,1.00,1.00
2017.04.07 15:01:50.980,1.65933,1.65963,1.50,1.00
2017.04.07 15:01:51.031,1.65933,1.65961,1.50,1.34
2017.04.07 15:01:51.183,1.65928,1.65955,1.50,1.00
2017.04.07 15:01:51.285,1.65925,1.65953,2.25,1.37
2017.04.07 15:01:51.570,1.65918,1.65946,1.00,1.00
2017.04.07 15:01:51.621,1.65916,1.65946,1.00,1.00
2017.04.07 15:01:51.772,1.65914,1.65944,1.00,1.00
2017.04.07 15:01:52.074,1.65913,1.65942,1.00,1.00
2017.04.07 15:01:52.538,1.65914,1.65944,1.50,1.00
2017.04.07 15:01:52.979,1.65911,1.65938,1.00,1.00
2017.04.07 15:01:53.080,1.65907,1.65937,1.00,1.00
2017.04.07 15:01:54.383,1.65907,1.65935,1.00,1.00
2017.04.07 15:01:55.202,1.65906,1.65932,1.00,1.00
2017.04.07 15:01:55.356,1.65904,1.65932,1.00,1.00
2017.04.07 15:01:55.659,1.65904,1.65934,1.00,1.00
2017.04.07 15:01:56.371,1.65908,1.65937,1.00,1.00
2017.04.07 15:01:56.706,1.65909,1.65939,1.00,1.00
2017.04.07 15:01:56.858,1.65906,1.65935,1.50,1.00
2017.04.07 15:01:57.161,1.65906,1.65931,1.00,1.00
2017.04.07 15:01:57.362,1.65907,1.65934,1.00,1.00
2017.04.07 15:01:57.413,1.65907,1.65937,1.00,1.00
2017.04.07 15:01:57.464,1.65909,1.65939,1.50,1.00
2017.04.07 15:01:57.979,1.65908,1.65937,1.00,1.00
2017.04.07 15:01:58.283,1.6591,1.65937,1.00,1.00
2017.04.07 15:01:58.703,1.65905,1.65934,2.25,1.00
2017.04.07 15:01:59.208,1.65908,1.65938,1.00,1.00
2017.04.07 15:01:59.409,1.65912,1.6594,1.00,1.00
2017.04.07 15:01:59.712,1.65909,1.65936,1.00,1.00
2017.04.07 15:02:00.207,1.65909,1.65938,1.00,1.00
2017.04.07 15:02:00.666,1.65911,1.65939,1.00,1.00
2017.04.07 15:02:00.969,1.65909,1.65938,1.00,1.00
2017.04.07 15:02:01.192,1.65911,1.65941,1.00,1.00
2017.04.07 15:02:01.244,1.65913,1.65941,1.12,1.00
2017.04.07 15:02:01.295,1.65916,1.65946,1.00,1.00
2017.04.07 15:02:01.396,1.65918,1.65948,1.00,1.00
2017.04.07 15:02:01.700,1.65917,1.65943,1.00,1.00
2017.04.07 15:02:01.903,1.65912,1.6594,2.25,1.00
2017.04.07 15:02:02.399,1.65914,1.65944,1.00,1.00
2017.04.07 15:02:02.470,1.65916,1.65944,1.00,1.00
2017.04.07 15:02:02.773,1.65908,1.65929,1.00,1.00
2017.04.07 15:02:02.874,1.65902,1.65931,2.17,1.00
2017.04.07 15:02:02.975,1.65905,1.65933,1.00,1.00
2017.04.07 15:02:03.077,1.65903,1.65933,1.00,1.00
2017.04.07 15:02:03.607,1.65903,1.65932,1.50,1.00
2017.04.07 15:02:04.328,1.65908,1.65932,1.50,1.00
2017.04.07 15:02:04.379,1.65911,1.65938,1.00,1.00
2017.04.07 15:02:04.488,1.65912,1.65942,1.00,1.00
2017.04.07 15:02:04.815,1.6591,1.65937,1.00,1.00
2017.04.07 15:02:04.866,1.65907,1.65937,1.35,1.00
2017.04.07 15:02:05.372,1.65908,1.65938,1.00,1.00
2017.04.07 15:02:05.685,1.65911,1.65939,1.00,1.00
2017.04.07 15:02:06.232,1.65912,1.6594,1.00,1.00
2017.04.07 15:02:06.283,1.6591,1.6594,1.00,1.00
2017.04.07 15:02:06.686,1.65913,1.65941,1.00,1.00
2017.04.07 15:02:06.889,1.65915,1.65945,1.00,1.00
2017.04.07 15:02:06.990,1.65917,1.65945,1.00,1.00
2017.04.07 15:02:07.085,1.65915,1.65945,1.00,1.00
2017.04.07 15:02:07.187,1.65914,1.65941,1.00,1.00
2017.04.07 15:02:07.509,1.65913,1.65939,1.00,1.00
2017.04.07 15:02:07.610,1.65916,1.65943,1.00,1.00
2017.04.07 15:02:07.913,1.65913,1.65941,1.50,1.00
2017.04.07 15:02:08.115,1.65915,1.65945,1.00,1.00
2017.04.07 15:02:08.626,1.65918,1.65948,1.00,1.00
2017.04.07 15:02:08.929,1.65916,1.65946,1.50,1.00
2017.04.07 15:02:09.449,1.65916,1.65945,1.00,1.00
2017.04.07 15:02:09.848,1.65918,1.65948,1.00,1.00
2017.04.07 15:02:10.309,1.65916,1.65946,1.50,1.00
2017.04.07 15:02:10.612,1.65915,1.65944,1.00,1.00
2017.04.07 15:02:10.915,1.65919,1.65947,1.00,1.00
2017.04.07 15:02:11.889,1.65919,1.65945,1.00,1.00
2017.04.07 15:02:12.241,1.65917,1.65945,1.00,1.00
2017.04.07 15:02:12.530,1.65912,1.65941,1.00,1.12
2017.04.07 15:02:12.632,1.65912,1.65937,1.00,1.00
2017.04.07 15:02:12.683,1.65909,1.65937,1.00,1.00
2017.04.07 15:02:12.985,1.65908,1.65934,1.50,1.00
2017.04.07 15:02:13.287,1.65908,1.65937,1.50,1.00
2017.04.07 15:02:13.735,1.65909,1.65939,1.00,1.00
2017.04.07 15:02:14.020,1.65911,1.65941,1.00,1.00
2017.04.07 15:02:14.322,1.65909,1.65938,1.00,1.00
2017.04.07 15:02:14.625,1.65912,1.6594,1.00,1.00
2017.04.07 15:02:15.129,1.65913,1.65941,1.00,1.00
2017.04.07 15:02:17.324,1.65911,1.65941,1.00,1.00
2017.04.07 15:02:17.829,1.65912,1.65942,1.00,1.00
2017.04.07 15:02:18.219,1.65912,1.6594,1.00,1.00
2017.04.07 15:02:18.622,1.65912,1.65942,1.00,1.00
2017.04.07 15:02:18.729,1.65916,1.65942,1.46,1.00
2017.04.07 15:02:18.881,1.65921,1.65948,1.00,1.00
2017.04.07 15:02:18.932,1.65923,1.6595,1.00,1.00
2017.04.07 15:02:19.134,1.65919,1.65948,1.00,1.00
2017.04.07 15:02:19.587,1.65918,1.65947,1.00,1.37
2017.04.07 15:02:19.917,1.65911,1.65938,1.00,1.00
2017.04.07 15:02:19.967,1.65908,1.65938,2.25,1.00
2017.04.07 15:02:20.018,1.6591,1.65939,1.00,1.00
2017.04.07 15:02:20.553,1.6591,1.65938,1.50,1.00
2017.04.07 15:02:21.223,1.65911,1.65938,1.00,1.00
2017.04.07 15:02:21.756,1.6591,1.65938,1.50,1.00
2017.04.07 15:02:23.298,1.6591,1.65937,1.00,1.12
2017.04.07 15:02:23.399,1.65903,1.65932,1.50,1.00
2017.04.07 15:02:24.042,1.65901,1.65929,1.00,1.00
2017.04.07 15:02:25.208,1.65899,1.65927,1.50,1.00
2017.04.07 15:02:25.617,1.659,1.65928,1.34,1.00
2017.04.07 15:02:25.718,1.65903,1.65931,1.09,1.00
2017.04.07 15:02:25.819,1.65905,1.65935,1.00,1.00
2017.04.07 15:02:27.154,1.65904,1.65934,1.00,1.00
2017.04.07 15:02:27.255,1.65901,1.65929,1.00,1.00
2017.04.07 15:02:27.457,1.65897,1.65927,1.00,1.00
2017.04.07 15:02:27.508,1.659,1.65927,1.75,1.00
2017.04.07 15:02:27.810,1.65908,1.65927,1.87,1.00
2017.04.07 15:02:28.240,1.65909,1.65927,1.37,1.00
2017.04.07 15:02:28.544,1.65909,1.65927,1.37,1.00
2017.04.07 15:02:28.745,1.6591,1.65932,1.46,1.00
2017.04.07 15:02:28.796,1.65909,1.65932,2.21,1.00
2017.04.07 15:02:28.847,1.6591,1.65945,1.46,1.00
2017.04.07 15:02:28.948,1.65909,1.65945,2.96,1.00
2017.04.07 15:02:28.998,1.65909,1.65946,1.71,1.00
2017.04.07 15:02:29.334,1.65915,1.65943,1.00,1.00
2017.04.07 15:02:29.867,1.65914,1.65944,1.00,1.00
2017.04.07 15:02:30.170,1.65916,1.65946,1.00,1.00
2017.04.07 15:02:30.662,1.65919,1.65949,1.00,1.00
2017.04.07 15:02:31.665,1.65918,1.65946,1.00,1.00
2017.04.07 15:02:31.866,1.65914,1.65944,1.84,1.00
2017.04.07 15:02:32.055,1.65924,1.6595,1.09,1.00
2017.04.07 15:02:32.256,1.65928,1.65956,1.00,1.00
2017.04.07 15:02:32.357,1.6593,1.6596,1.00,1.50
2017.04.07 15:02:32.408,1.6593,1.6596,1.00,1.50
2017.04.07 15:02:32.459,1.65926,1.65956,1.00,1.00
2017.04.07 15:02:32.661,1.65924,1.65954,1.00,1.00
2017.04.07 15:02:32.963,1.65918,1.65948,1.50,1.00
2017.04.07 15:02:33.423,1.6592,1.65948,1.00,1.00
2017.04.07 15:02:33.936,1.65918,1.65948,1.50,1.00
2017.04.07 15:02:34.037,1.65917,1.65941,1.50,1.00
2017.04.07 15:02:34.239,1.65914,1.65942,1.00,1.00
2017.04.07 15:02:34.290,1.65924,1.65942,1.00,1.00
2017.04.07 15:02:34.625,1.65924,1.65944,1.00,1.00
2017.04.07 15:02:34.726,1.65921,1.65946,1.00,1.00
2017.04.07 15:02:34.827,1.65924,1.65947,1.00,1.00
2017.04.07 15:02:34.928,1.65924,1.65949,1.00,1.00
2017.04.07 15:02:34.979,1.65928,1.65949,1.00,1.00
2017.04.07 15:02:35.030,1.65928,1.65951,1.00,1.00
2017.04.07 15:02:35.231,1.65928,1.65953,1.00,1.00
2017.04.07 15:02:35.332,1.65928,1.65955,1.00,1.00
2017.04.07 15:02:35.955,1.65928,1.65952,1.00,1.00
2017.04.07 15:02:36.458,1.65929,1.65951,1.00,1.00
2017.04.07 15:02:36.559,1.65929,1.65954,1.00,1.00
2017.04.07 15:02:36.761,1.65929,1.65952,1.00,1.00
2017.04.07 15:02:37.004,1.65928,1.65955,1.00,1.00
2017.04.07 15:02:37.055,1.65935,1.65955,1.00,1.00
2017.04.07 15:02:37.156,1.65938,1.65967,1.00,1.50
2017.04.07 15:02:37.257,1.65941,1.65967,1.00,1.50
2017.04.07 15:02:37.308,1.65938,1.65967,1.00,1.50
2017.04.07 15:02:37.359,1.65937,1.65964,1.00,1.00
2017.04.07 15:02:37.560,1.65941,1.65969,1.50,1.00
2017.04.07 15:02:37.661,1.65941,1.65966,1.00,1.00
2017.04.07 15:02:37.762,1.65939,1.65965,1.00,1.00
2017.04.07 15:02:38.050,1.65935,1.65965,1.50,1.00
2017.04.07 15:02:38.453,1.65935,1.65962,1.00,1.00
2017.04.07 15:02:38.762,1.65935,1.65964,1.00,1.00
2017.04.07 15:02:39.668,1.65935,1.65962,1.00,1.00
2017.04.07 15:02:39.961,1.65935,1.65964,1.00,1.00
2017.04.07 15:02:40.498,1.65934,1.65964,1.50,1.00
2017.04.07 15:02:40.666,1.65934,1.65961,1.00,1.00
2017.04.07 15:02:41.089,1.65939,1.65965,1.00,1.00
2017.04.07 15:02:41.241,1.65939,1.65968,1.00,1.00
2017.04.07 15:02:41.442,1.65939,1.65965,1.00,1.00
2017.04.07 15:02:42.651,1.6594,1.65968,1.00,1.00
2017.04.07 15:02:42.819,1.65943,1.65968,1.00,1.00
2017.04.07 15:02:42.970,1.65946,1.65973,1.00,1.00
2017.04.07 15:02:43.172,1.65947,1.65975,1.00,1.50
2017.04.07 15:02:43.374,1.65946,1.65972,1.00,1.00
2017.04.07 15:02:44.616,1.65942,1.65972,1.50,1.00
2017.04.07 15:02:44.667,1.6594,1.65967,1.00,1.00
2017.04.07 15:02:45.171,1.65939,1.65966,1.50,1.00
2017.04.07 15:02:45.475,1.65943,1.6597,1.00,1.00
2017.04.07 15:02:45.828,1.65948,1.65971,1.00,1.00
2017.04.07 15:02:45.879,1.65948,1.65973,1.00,1.50
2017.04.07 15:02:45.980,1.65948,1.65975,1.00,1.00
2017.04.07 15:02:46.181,1.65948,1.65977,1.00,1.00
2017.04.07 15:02:46.850,1.65948,1.65976,1.00,1.00
2017.04.07 15:02:47.557,1.65948,1.65974,1.00,1.00
2017.04.07 15:02:47.758,1.65948,1.65976,1.00,1.00
2017.04.07 15:02:49.124,1.65953,1.65976,1.00,1.00
2017.04.07 15:02:49.456,1.65966,1.65988,1.00,1.00
2017.04.07 15:02:49.557,1.65965,1.6599,1.00,1.00
2017.04.07 15:02:49.608,1.65968,1.6599,1.00,1.00
2017.04.07 15:02:49.759,1.65965,1.65991,1.00,1.00
2017.04.07 15:02:50.342,1.65963,1.65991,1.50,1.00
2017.04.07 15:02:50.392,1.65964,1.65989,1.00,1.00
2017.04.07 15:02:51.015,1.65964,1.65988,1.00,1.00
2017.04.07 15:02:51.324,1.65961,1.65988,1.00,1.00
2017.04.07 15:02:51.576,1.65961,1.6599,1.00,1.00
2017.04.07 15:02:51.979,1.65961,1.65987,1.00,1.00
2017.04.07 15:02:52.247,1.65959,1.65987,2.25,1.00
2017.04.07 15:02:52.297,1.65959,1.65985,1.50,1.00
2017.04.07 15:02:52.826,1.65958,1.65985,1.00,1.00
2017.04.07 15:02:53.363,1.65957,1.65985,1.00,1.00
2017.04.07 15:02:53.716,1.6596,1.65985,1.09,1.00
2017.04.07 15:02:53.768,1.6596,1.65987,1.00,1.00
2017.04.07 15:02:53.819,1.65962,1.65987,1.00,1.00
2017.04.07 15:02:53.869,1.65963,1.6599,1.00,1.00
2017.04.07 15:02:54.179,1.65963,1.65988,1.00,1.00
2017.04.07 15:02:54.553,1.65963,1.6599,1.00,1.00
2017.04.07 15:02:55.056,1.65961,1.6599,1.00,1.00
2017.04.07 15:02:55.722,1.65962,1.6599,1.00,1.00
2017.04.07 15:02:56.262,1.6596,1.65989,1.00,1.00
2017.04.07 15:02:56.839,1.65961,1.65989,1.00,1.00
2017.04.07 15:02:57.293,1.65961,1.65987,1.00,1.00
2017.04.07 15:02:57.862,1.65961,1.65988,1.00,1.00
2017.04.07 15:02:58.400,1.6596,1.65987,1.00,1.00
2017.04.07 15:02:59.049,1.65961,1.65987,1.00,1.00
2017.04.07 15:02:59.359,1.65961,1.65989,1.00,1.00
2017.04.07 15:03:00.160,1.65961,1.65986,1.00,1.00
2017.04.07 15:03:02.041,1.65962,1.65986,1.00,1.00
2017.04.07 15:03:02.596,1.65961,1.65986,1.00,1.00
2017.04.07 15:03:02.763,1.65961,1.65989,1.00,1.00
2017.04.07 15:03:03.229,1.65963,1.65989,1.34,1.00
2017.04.07 15:03:03.280,1.65965,1.65992,1.34,1.50
2017.04.07 15:03:03.331,1.65965,1.65992,1.00,1.50
2017.04.07 15:03:03.518,1.6597,1.65992,1.00,1.00
2017.04.07 15:03:03.569,1.65971,1.65996,1.00,1.00
2017.04.07 15:03:03.620,1.65967,1.65996,1.09,1.00
2017.04.07 15:03:03.721,1.65976,1.65996,1.00,1.00
2017.04.07 15:03:03.772,1.6597,1.65996,1.00,1.00
2017.04.07 15:03:03.873,1.65973,1.66,1.00,1.50
2017.04.07 15:03:03.974,1.65973,1.65998,1.00,1.00
2017.04.07 15:03:04.075,1.65973,1.66001,1.00,1.00
2017.04.07 15:03:04.226,1.65975,1.66001,1.00,1.00
2017.04.07 15:03:04.644,1.65985,1.66012,1.00,1.50
2017.04.07 15:03:04.695,1.65989,1.66016,1.00,1.00
2017.04.07 15:03:04.998,1.65999,1.6602,1.00,1.00
2017.04.07 15:03:05.049,1.65996,1.6602,1.00,1.00
2017.04.07 15:03:05.150,1.65999,1.66025,1.00,1.00
2017.04.07 15:03:05.251,1.65997,1.66025,1.50,1.50
2017.04.07 15:03:05.838,1.65996,1.66022,1.00,1.00
2017.04.07 15:03:05.889,1.65994,1.66022,1.00,1.00
2017.04.07 15:03:05.990,1.65995,1.66025,1.00,1.00
2017.04.07 15:03:06.314,1.65994,1.66022,1.00,1.00
2017.04.07 15:03:06.617,1.66003,1.66024,1.00,1.00
2017.04.07 15:03:06.718,1.65996,1.66026,1.50,1.50
2017.04.07 15:03:06.819,1.66,1.66025,1.00,1.00
2017.04.07 15:03:07.090,1.66001,1.66027,1.00,1.00
2017.04.07 15:03:07.636,1.66001,1.66028,1.00,1.00
2017.04.07 15:03:09.097,1.66,1.66028,1.00,1.00
2017.04.07 15:03:09.147,1.66,1.66025,1.00,1.00
2017.04.07 15:03:09.198,1.65995,1.66024,1.00,1.87
2017.04.07 15:03:09.299,1.65991,1.66021,1.00,1.00
2017.04.07 15:03:09.400,1.65991,1.66018,1.00,1.00
2017.04.07 15:03:09.984,1.65992,1.66018,1.00,1.00
2017.04.07 15:03:10.036,1.65992,1.6602,1.00,1.00
2017.04.07 15:03:10.137,1.6599,1.6602,2.25,1.00
2017.04.07 15:03:10.389,1.65991,1.66018,1.00,1.00
2017.04.07 15:03:10.964,1.6599,1.66018,1.00,1.00
2017.04.07 15:03:11.576,1.6599,1.66017,1.00,1.00
2017.04.07 15:03:12.216,1.65989,1.66017,1.00,1.00
2017.04.07 15:03:12.564,1.65989,1.66014,1.00,1.00
2017.04.07 15:03:12.614,1.65989,1.66017,1.00,1.00
2017.04.07 15:03:13.029,1.65989,1.66016,1.00,1.37
2017.04.07 15:03:13.333,1.65987,1.66016,1.00,1.87
2017.04.07 15:03:13.632,1.65985,1.66014,1.00,1.37
2017.04.07 15:03:13.935,1.65975,1.66003,1.50,1.00
2017.04.07 15:03:14.289,1.65976,1.66006,1.00,1.00
2017.04.07 15:03:14.390,1.65979,1.66007,1.00,1.50
2017.04.07 15:03:14.937,1.65978,1.66006,1.00,1.00
2017.04.07 15:03:16.100,1.65984,1.66007,1.34,1.00
2017.04.07 15:03:16.201,1.65984,1.66012,1.00,1.50
2017.04.07 15:03:16.504,1.65987,1.66013,1.00,1.00
2017.04.07 15:03:16.705,1.65993,1.66022,1.84,1.00
2017.04.07 15:03:16.756,1.66001,1.66023,1.84,1.50
2017.04.07 15:03:16.857,1.65999,1.66027,1.84,1.00
2017.04.07 15:03:16.908,1.66001,1.66027,1.84,1.00
2017.04.07 15:03:17.009,1.65998,1.66027,2.21,1.00
2017.04.07 15:03:17.202,1.65999,1.66027,1.00,1.00
2017.04.07 15:03:17.253,1.66005,1.66033,1.00,1.00
2017.04.07 15:03:17.304,1.66005,1.66035,1.00,1.50
2017.04.07 15:03:18.286,1.66005,1.66035,1.00,1.37
2017.04.07 15:03:18.791,1.66005,1.66035,1.00,1.12
2017.04.07 15:03:20.894,1.66006,1.66034,1.00,1.00
2017.04.07 15:03:20.995,1.66004,1.66034,1.00,1.00
2017.04.07 15:03:21.423,1.66004,1.66031,1.34,1.00
2017.04.07 15:03:21.524,1.66006,1.66034,1.84,1.00
2017.04.07 15:03:21.625,1.66007,1.66037,1.34,1.00
2017.04.07 15:03:21.726,1.66009,1.66039,1.34,1.00
2017.04.07 15:03:21.827,1.66011,1.66039,1.34,1.00
2017.04.07 15:03:22.130,1.66011,1.66041,1.34,1.50
2017.04.07 15:03:22.671,1.66011,1.66041,1.09,1.50
2017.04.07 15:03:22.927,1.66012,1.66041,1.34,1.00
2017.04.07 15:03:23.328,1.66015,1.66045,1.00,1.00
2017.04.07 15:03:23.862,1.66016,1.66046,1.00,1.00
2017.04.07 15:03:24.397,1.66018,1.66047,1.00,2.10
2017.04.07 15:03:24.736,1.66029,1.66046,1.34,1.00
2017.04.07 15:03:24.787,1.66029,1.66057,1.00,1.00
2017.04.07 15:03:25.048,1.66027,1.66057,1.00,1.00
2017.04.07 15:03:25.563,1.66026,1.66056,1.00,1.00
2017.04.07 15:03:26.215,1.66029,1.66056,1.00,1.00
2017.04.07 15:03:26.518,1.6604,1.66064,1.00,1.00
2017.04.07 15:03:26.794,1.66037,1.66065,1.00,1.37
2017.04.07 15:03:26.895,1.66036,1.66064,1.00,1.75
2017.04.07 15:03:26.946,1.66032,1.6606,1.50,1.12
2017.04.07 15:03:27.148,1.66027,1.66057,1.00,1.00
2017.04.07 15:03:27.417,1.66027,1.66055,1.00,1.00
2017.04.07 15:03:28.267,1.66031,1.66055,1.00,1.00
2017.04.07 15:03:28.579,1.66036,1.66064,1.00,1.50
2017.04.07 15:03:29.092,1.66035,1.66064,1.00,1.00
2017.04.07 15:03:29.607,1.66035,1.66065,1.00,1.50
2017.04.07 15:03:30.092,1.66035,1.66062,1.00,1.12
2017.04.07 15:03:30.398,1.66031,1.66058,1.84,1.00
2017.04.07 15:03:30.549,1.66037,1.66066,1.00,1.00
2017.04.07 15:03:30.650,1.66036,1.66063,1.00,1.00
2017.04.07 15:03:30.953,1.66043,1.66069,1.72,1.00
2017.04.07 15:03:31.054,1.66047,1.66077,1.00,1.50
2017.04.07 15:03:31.105,1.66047,1.66077,1.00,1.87
2017.04.07 15:03:31.568,1.66059,1.66083,1.00,1.00
2017.04.07 15:03:31.622,1.66061,1.66089,1.00,1.50
2017.04.07 15:03:31.924,1.66061,1.66089,1.71,1.50
2017.04.07 15:03:32.227,1.66072,1.66096,1.00,1.00
2017.04.07 15:03:32.278,1.66072,1.661,1.00,1.00
2017.04.07 15:03:32.379,1.6607,1.661,1.09,1.00
2017.04.07 15:03:32.430,1.6607,1.66099,1.00,1.37
2017.04.07 15:03:32.662,1.66071,1.661,1.00,1.00
2017.04.07 15:03:33.131,1.66069,1.66099,1.09,1.00
2017.04.07 15:03:33.636,1.6607,1.66099,1.00,1.00
2017.04.07 15:03:33.896,1.6607,1.661,1.34,1.50
2017.04.07 15:03:34.218,1.66075,1.66103,1.00,2.25
2017.04.07 15:03:34.523,1.66077,1.66106,1.34,1.00
2017.04.07 15:03:34.725,1.66085,1.66113,1.09,1.50
2017.04.07 15:03:34.927,1.66081,1.66107,1.00,1.00
2017.04.07 15:03:35.230,1.66076,1.66102,1.34,1.00
2017.04.07 15:03:35.413,1.66078,1.66108,1.00,1.00
2017.04.07 15:03:35.464,1.66076,1.66106,1.00,1.00
2017.04.07 15:03:35.786,1.66074,1.66104,1.09,1.00
2017.04.07 15:03:36.089,1.66076,1.66105,1.34,1.00
2017.04.07 15:03:36.190,1.66078,1.66106,1.09,1.00
2017.04.07 15:03:36.443,1.66081,1.66107,1.00,1.00
2017.04.07 15:03:36.493,1.66081,1.66109,1.00,1.00
2017.04.07 15:03:36.780,1.66079,1.66107,1.00,1.00
2017.04.07 15:03:37.234,1.66077,1.66107,1.09,1.00
2017.04.07 15:03:37.436,1.66079,1.66106,1.00,1.00
2017.04.07 15:03:37.537,1.66075,1.66103,1.00,1.00
2017.04.07 15:03:37.638,1.66075,1.66098,1.00,1.00
2017.04.07 15:03:37.973,1.66075,1.66095,1.00,1.00
2017.04.07 15:03:38.127,1.66062,1.66092,1.00,1.00
2017.04.07 15:03:38.751,1.66063,1.66093,1.00,1.50
2017.04.07 15:03:39.315,1.66064,1.66093,1.00,1.00
2017.04.07 15:03:39.466,1.66067,1.66094,1.34,1.00
2017.04.07 15:03:39.517,1.66067,1.66097,1.34,1.00
2017.04.07 15:03:39.568,1.66069,1.66099,1.34,1.00
2017.04.07 15:03:39.870,1.66068,1.66098,1.00,1.00
2017.04.07 15:03:40.426,1.66067,1.66097,1.09,1.00
2017.04.07 15:03:40.729,1.66066,1.66094,1.00,1.00
2017.04.07 15:03:41.461,1.66066,1.66092,1.00,1.00
2017.04.07 15:03:41.562,1.66059,1.66088,1.50,1.00
2017.04.07 15:03:41.663,1.66061,1.66089,1.00,1.00
2017.04.07 15:03:41.966,1.66058,1.66086,1.00,1.00
2017.04.07 15:03:42.984,1.66056,1.66086,1.00,1.00
2017.04.07 15:03:43.126,1.66059,1.66086,1.00,1.00
2017.04.07 15:03:43.277,1.66061,1.66091,1.00,1.00
2017.04.07 15:03:43.429,1.66066,1.66096,1.00,1.00
2017.04.07 15:03:43.733,1.66062,1.6609,1.00,1.00
2017.04.07 15:03:44.035,1.66057,1.66088,1.50,1.00
2017.04.07 15:03:44.646,1.66056,1.66087,1.00,1.00
2017.04.07 15:03:44.748,1.6606,1.66088,1.00,1.00
2017.04.07 15:03:45.977,1.66059,1.6609,1.00,1.50
2017.04.07 15:03:46.281,1.66059,1.66087,1.00,1.00
2017.04.07 15:03:46.535,1.66056,1.66085,1.00,1.00
2017.04.07 15:03:46.636,1.66054,1.66084,1.00,1.00
2017.04.07 15:03:46.687,1.66054,1.66082,1.00,1.00
2017.04.07 15:03:47.046,1.66052,1.66081,1.50,1.00
2017.04.07 15:03:47.498,1.66054,1.66081,1.00,1.00
2017.04.07 15:03:48.002,1.66053,1.66082,1.00,1.00
2017.04.07 15:03:48.305,1.66055,1.66083,1.00,1.00
2017.04.07 15:03:48.920,1.66057,1.66087,1.00,1.50
2017.04.07 15:03:49.021,1.66056,1.66082,1.00,1.00
2017.04.07 15:03:49.273,1.66061,1.6609,1.09,1.00
2017.04.07 15:03:49.324,1.66064,1.66091,1.00,1.00
2017.04.07 15:03:49.374,1.66067,1.66097,1.00,2.25
2017.04.07 15:03:49.476,1.6607,1.66097,1.00,1.00
2017.04.07 15:03:50.382,1.66071,1.66101,1.00,2.10
2017.04.07 15:03:50.483,1.66071,1.66099,1.00,1.00
2017.04.07 15:03:51.765,1.66068,1.66098,1.00,1.00
2017.04.07 15:03:52.051,1.66068,1.66096,1.00,1.00
2017.04.07 15:03:52.945,1.66066,1.66095,1.00,1.00
2017.04.07 15:03:53.147,1.66068,1.66096,1.00,1.00
2017.04.07 15:03:55.055,1.66067,1.66096,1.09,1.00
2017.04.07 15:03:55.598,1.66067,1.66097,1.00,1.50
2017.04.07 15:03:56.190,1.66066,1.66095,1.00,1.00
2017.04.07 15:03:56.292,1.66063,1.66093,1.50,1.00
2017.04.07 15:03:56.877,1.66058,1.66086,1.00,1.00
2017.04.07 15:03:56.978,1.66055,1.66084,3.00,1.00
2017.04.07 15:03:57.385,1.66056,1.66086,1.00,1.00
2017.04.07 15:03:57.486,1.66055,1.66084,1.50,1.00
2017.04.07 15:03:57.688,1.66056,1.66086,1.00,1.00
2017.04.07 15:03:57.978,1.66058,1.66087,1.00,1.00
2017.04.07 15:03:58.586,1.66058,1.66088,1.87,1.00
2017.04.07 15:03:59.245,1.66059,1.66089,1.50,1.00
2017.04.07 15:04:00.155,1.66061,1.66091,1.00,1.00
2017.04.07 15:04:01.255,1.6606,1.66088,1.00,1.00
2017.04.07 15:04:01.356,1.66055,1.66084,2.25,1.00
2017.04.07 15:04:01.457,1.66055,1.6608,1.50,1.00
2017.04.07 15:04:02.187,1.66055,1.66082,1.87,1.00
2017.04.07 15:04:02.288,1.66056,1.66086,1.00,1.50
2017.04.07 15:04:02.338,1.66059,1.66086,1.00,1.00
2017.04.07 15:04:02.439,1.66057,1.66087,1.00,1.00
2017.04.07 15:04:02.540,1.66055,1.66085,1.50,1.00
2017.04.07 15:04:02.974,1.66054,1.6607,1.50,1.00
2017.04.07 15:04:03.312,1.66038,1.66065,1.00,1.00
2017.04.07 15:04:03.655,1.6604,1.66065,1.00,1.00
2017.04.07 15:04:03.907,1.66043,1.66073,1.34,1.00
2017.04.07 15:04:04.013,1.66047,1.66075,1.00,1.50
2017.04.07 15:04:04.342,1.6605,1.66078,1.00,1.00
2017.04.07 15:04:04.644,1.66043,1.66071,1.50,1.00
2017.04.07 15:04:04.745,1.66044,1.66074,1.00,1.00
2017.04.07 15:04:05.189,1.66051,1.66077,1.00,1.00
2017.04.07 15:04:05.459,1.66058,1.66088,1.00,1.00
2017.04.07 15:04:05.510,1.6606,1.66088,1.50,1.00
2017.04.07 15:04:05.763,1.66073,1.66103,1.00,1.00
2017.04.07 15:04:05.864,1.6607,1.661,1.00,1.00
2017.04.07 15:04:06.166,1.66074,1.661,1.00,1.00
2017.04.07 15:04:06.217,1.66074,1.66102,1.00,1.00
2017.04.07 15:04:06.318,1.6607,1.661,1.00,1.00
2017.04.07 15:04:06.419,1.66067,1.66095,1.00,1.00
2017.04.07 15:04:06.748,1.66079,1.66107,1.00,2.25
2017.04.07 15:04:07.151,1.66077,1.66105,1.00,1.00
2017.04.07 15:04:07.554,1.66077,1.66107,1.00,1.00
2017.04.07 15:04:07.936,1.66077,1.66105,1.00,1.00
2017.04.07 15:04:08.118,1.66075,1.66105,1.00,1.00
2017.04.07 15:04:08.643,1.66072,1.66102,1.00,1.00
2017.04.07 15:04:08.946,1.6607,1.66094,1.00,1.00
2017.04.07 15:04:09.098,1.66066,1.66094,1.00,1.00
2017.04.07 15:04:09.277,1.66061,1.66089,1.00,1.00
2017.04.07 15:04:09.328,1.66059,1.66089,1.00,1.00
2017.04.07 15:04:09.631,1.66057,1.66087,1.00,1.00
2017.04.07 15:04:09.946,1.6606,1.66088,1.00,1.50
2017.04.07 15:04:10.859,1.66057,1.66087,1.00,1.00
2017.04.07 15:04:11.467,1.66056,1.66086,1.00,1.00
2017.04.07 15:04:12.272,1.66059,1.66088,1.00,1.00
2017.04.07 15:04:12.653,1.66057,1.66085,1.00,1.00
2017.04.07 15:04:13.233,1.66056,1.66086,1.00,1.00
2017.04.07 15:04:13.738,1.66057,1.66087,1.00,1.00
2017.04.07 15:04:14.239,1.66056,1.66086,1.00,1.00
2017.04.07 15:04:14.577,1.66058,1.66086,1.00,1.00
2017.04.07 15:04:16.241,1.66059,1.66088,1.00,1.00
2017.04.07 15:04:17.736,1.66059,1.66087,1.00,1.00
2017.04.07 15:04:20.130,1.66059,1.66088,1.00,1.00
2017.04.07 15:04:20.181,1.66061,1.66088,1.00,1.00
2017.04.07 15:04:20.232,1.66061,1.66091,1.00,1.00
2017.04.07 15:04:20.538,1.66059,1.66089,1.00,1.00
2017.04.07 15:04:24.963,1.66057,1.66087,1.00,1.00
2017.04.07 15:04:25.266,1.66055,1.66084,1.00,1.00
2017.04.07 15:04:25.891,1.66052,1.66082,1.00,1.00
2017.04.07 15:04:26.252,1.66052,1.6608,1.00,1.00
2017.04.07 15:04:26.775,1.66053,1.66081,1.00,1.00
2017.04.07 15:04:26.842,1.66055,1.66084,1.00,1.00
2017.04.07 15:04:26.943,1.66052,1.66082,1.50,1.00
2017.04.07 15:04:27.044,1.66055,1.66084,1.00,1.00
2017.04.07 15:04:27.448,1.66058,1.66088,1.00,1.35
2017.04.07 15:04:27.554,1.66061,1.66088,1.00,1.00
2017.04.07 15:04:27.773,1.66065,1.66093,1.00,1.00
2017.04.07 15:04:28.291,1.66064,1.66092,1.00,1.00
2017.04.07 15:04:28.492,1.66067,1.66093,1.00,1.00
2017.04.07 15:04:28.644,1.66067,1.66096,1.00,1.37
2017.04.07 15:04:28.795,1.66063,1.66095,1.00,1.37
2017.04.07 15:04:28.947,1.66066,1.66095,1.00,1.87
2017.04.07 15:04:29.048,1.66063,1.66092,1.00,1.00
2017.04.07 15:04:29.250,1.6606,1.66093,1.00,2.25
2017.04.07 15:04:29.502,1.6606,1.66092,1.00,1.37
2017.04.07 15:04:29.553,1.66059,1.66092,1.00,1.87
2017.04.07 15:04:29.604,1.66059,1.66092,1.00,2.62
2017.04.07 15:04:29.905,1.66058,1.6609,1.00,1.37
2017.04.07 15:04:30.774,1.6606,1.66092,1.00,2.25
2017.04.07 15:04:30.825,1.66062,1.66092,1.00,1.50
2017.04.07 15:04:31.127,1.66064,1.66091,1.00,1.50
2017.04.07 15:04:31.680,1.66065,1.66092,1.00,2.25
2017.04.07 15:04:31.832,1.66063,1.66091,1.00,1.00
2017.04.07 15:04:32.430,1.6606,1.66091,1.00,1.12
2017.04.07 15:04:32.660,1.66063,1.66091,1.00,1.12
2017.04.07 15:04:33.161,1.66063,1.66092,1.00,1.50
2017.04.07 15:04:33.714,1.66061,1.66092,1.00,2.25
2017.04.07 15:04:34.223,1.66061,1.66091,1.00,1.00
2017.04.07 15:04:34.730,1.6606,1.6609,1.00,1.00
2017.04.07 15:04:36.922,1.66063,1.66091,1.00,1.00
2017.04.07 15:04:37.251,1.66066,1.66092,1.00,1.00
2017.04.07 15:04:37.301,1.66066,1.66094,1.00,1.00
2017.04.07 15:04:37.655,1.66067,1.66096,1.00,1.00
2017.04.07 15:04:38.429,1.66067,1.66097,1.00,1.50
2017.04.07 15:04:38.880,1.66066,1.66092,1.00,1.50
2017.04.07 15:04:38.930,1.66062,1.66092,1.00,1.00
2017.04.07 15:04:39.031,1.66062,1.66089,1.00,1.00
2017.04.07 15:04:39.558,1.66061,1.66091,1.00,1.00
2017.04.07 15:04:40.115,1.66062,1.66092,1.00,1.50
2017.04.07 15:04:40.323,1.66062,1.6609,1.00,1.00
2017.04.07 15:04:40.727,1.66056,1.66084,1.00,1.50
2017.04.07 15:04:40.879,1.6605,1.66079,1.00,1.12
2017.04.07 15:04:40.980,1.66048,1.66078,1.00,1.00
2017.04.07 15:04:41.132,1.66046,1.66076,1.00,1.00
2017.04.07 15:04:42.971,1.66047,1.66077,1.00,1.00
2017.04.07 15:04:43.283,1.66049,1.66079,1.00,1.00
2017.04.07 15:04:43.647,1.66051,1.6608,1.00,1.00
2017.04.07 15:04:43.950,1.66053,1.66081,1.00,1.00
2017.04.07 15:04:44.267,1.66055,1.66083,1.00,1.00
2017.04.07 15:04:44.570,1.66053,1.66081,1.00,1.00
2017.04.07 15:04:44.872,1.66053,1.66081,1.50,1.00
2017.04.07 15:04:44.973,1.66053,1.66083,2.25,1.00
2017.04.07 15:04:45.276,1.66055,1.66085,1.37,1.00
2017.04.07 15:04:45.378,1.66055,1.66085,1.00,1.00
2017.04.07 15:04:45.428,1.66055,1.66085,1.87,1.00
2017.04.07 15:04:45.592,1.66055,1.66085,2.25,1.00
2017.04.07 15:04:45.844,1.66062,1.66088,1.12,1.00
2017.04.07 15:04:45.895,1.66066,1.66088,1.00,1.00
2017.04.07 15:04:45.946,1.66066,1.66094,1.00,1.00
2017.04.07 15:04:46.148,1.66066,1.66096,1.00,1.00
2017.04.07 15:04:46.418,1.66065,1.66095,1.87,1.00
2017.04.07 15:04:46.745,1.66068,1.66095,1.50,1.00
2017.04.07 15:04:46.974,1.66065,1.66095,1.00,1.00
2017.04.07 15:04:47.025,1.66067,1.66095,1.50,1.00
2017.04.07 15:04:47.327,1.66064,1.66092,1.87,1.00
2017.04.07 15:04:47.428,1.66064,1.66091,1.37,1.00
2017.04.07 15:04:47.479,1.66061,1.66088,1.37,1.00
2017.04.07 15:04:47.630,1.66058,1.66085,1.75,1.00
2017.04.07 15:04:47.782,1.66054,1.66079,1.00,1.00
2017.04.07 15:04:48.034,1.66059,1.66079,1.37,1.00
2017.04.07 15:04:48.085,1.6606,1.66081,1.37,1.00
2017.04.07 15:04:48.136,1.6606,1.66088,2.25,1.00
2017.04.07 15:04:48.187,1.6606,1.66088,1.00,1.00
2017.04.07 15:04:48.237,1.66063,1.66091,1.00,1.00
2017.04.07 15:04:48.567,1.66067,1.66094,1.37,1.00
2017.04.07 15:04:48.719,1.66069,1.66094,1.37,1.00
2017.04.07 15:04:48.770,1.66066,1.66094,1.87,1.00
2017.04.07 15:04:48.870,1.6607,1.66096,1.00,1.00
2017.04.07 15:04:48.921,1.66069,1.66096,1.50,1.00
2017.04.07 15:04:49.275,1.66072,1.661,1.75,1.00
2017.04.07 15:04:49.326,1.66074,1.661,1.37,1.00
2017.04.07 15:04:49.376,1.66072,1.66101,1.00,1.00
2017.04.07 15:04:49.427,1.66072,1.66101,1.75,1.00
2017.04.07 15:04:49.477,1.66075,1.66101,1.75,1.00
2017.04.07 15:04:49.578,1.66075,1.66101,1.75,1.00
2017.04.07 15:04:49.698,1.66075,1.66103,1.75,1.00
2017.04.07 15:04:49.750,1.66074,1.66103,1.00,1.00
2017.04.07 15:04:49.800,1.66077,1.66103,1.75,1.00
2017.04.07 15:04:49.851,1.66077,1.66105,1.75,1.00
2017.04.07 15:04:49.952,1.6608,1.66107,1.37,1.00
2017.04.07 15:04:50.254,1.66077,1.66107,1.50,1.00
2017.04.07 15:04:50.406,1.66077,1.66107,1.37,1.00
2017.04.07 15:04:50.557,1.66077,1.66107,1.00,1.00
2017.04.07 15:04:50.608,1.66077,1.66107,1.37,1.00
2017.04.07 15:04:50.958,1.66074,1.66104,1.75,1.00
2017.04.07 15:04:51.500,1.66074,1.66104,1.37,1.00
2017.04.07 15:04:51.601,1.66074,1.66104,1.00,1.00
2017.04.07 15:04:51.802,1.66074,1.66104,1.37,1.00
2017.04.07 15:04:52.105,1.66072,1.66101,1.75,1.00
2017.04.07 15:04:52.445,1.66072,1.66095,1.75,1.00
2017.04.07 15:04:52.546,1.66072,1.66097,1.37,1.00
2017.04.07 15:04:52.597,1.66069,1.66097,1.00,1.00
2017.04.07 15:04:52.648,1.66072,1.66101,1.37,1.00
2017.04.07 15:04:52.907,1.66076,1.66104,1.00,1.50
2017.04.07 15:04:52.958,1.66077,1.66104,1.37,1.50
2017.04.07 15:04:53.059,1.66079,1.66104,1.50,1.00
2017.04.07 15:04:53.110,1.6608,1.66104,1.75,1.00
2017.04.07 15:04:53.162,1.6608,1.66107,1.50,1.00
2017.04.07 15:04:53.213,1.6608,1.66107,1.50,1.00
2017.04.07 15:04:53.518,1.66079,1.66107,1.00,1.00
2017.04.07 15:04:53.569,1.66079,1.66107,1.37,1.00
2017.04.07 15:04:53.884,1.66079,1.66109,2.25,1.50
2017.04.07 15:04:54.407,1.66081,1.66108,1.37,1.00
2017.04.07 15:04:54.600,1.6608,1.66108,1.00,1.00
2017.04.07 15:04:56.988,1.66078,1.66108,1.00,1.50
2017.04.07 15:04:57.368,1.6608,1.66108,1.00,1.00
2017.04.07 15:04:58.468,1.66078,1.66108,1.00,1.00
2017.04.07 15:04:58.871,1.6608,1.66108,1.00,1.00
2017.04.07 15:04:59.408,1.66082,1.66108,1.00,1.00
2017.04.07 15:04:59.459,1.66087,1.66115,1.00,1.00
2017.04.07 15:04:59.985,1.66088,1.66116,1.00,1.00
2017.04.07 15:05:00.871,1.66089,1.66119,1.00,1.50
2017.04.07 15:05:01.448,1.66089,1.66118,1.00,1.00
2017.04.07 15:05:01.499,1.66086,1.66116,1.00,1.00
2017.04.07 15:05:01.961,1.66086,1.66114,1.00,1.12
2017.04.07 15:05:02.264,1.6608,1.66108,1.00,1.00
2017.04.07 15:05:02.365,1.66078,1.66108,1.00,1.00
2017.04.07 15:05:08.557,1.66075,1.66105,1.50,1.00
2017.04.07 15:05:09.904,1.66075,1.66104,1.00,1.00
2017.04.07 15:05:10.496,1.66075,1.66103,1.50,1.00
2017.04.07 15:05:10.811,1.66072,1.661,1.00,1.00
2017.04.07 15:05:11.114,1.66076,1.66104,1.00,1.00
2017.04.07 15:05:11.289,1.66074,1.66104,1.00,1.00
2017.04.07 15:05:12.588,1.66076,1.66104,1.00,1.00
2017.04.07 15:05:12.995,1.66077,1.66107,1.00,2.25
2017.04.07 15:05:13.806,1.66075,1.66105,1.00,1.00
2017.04.07 15:05:15.708,1.66077,1.66107,1.00,1.00
2017.04.07 15:05:16.012,1.66076,1.66103,1.00,1.00
2017.04.07 15:05:16.113,1.66072,1.661,1.00,1.00
2017.04.07 15:05:16.663,1.66071,1.66099,2.25,1.00
2017.04.07 15:05:16.714,1.66072,1.66102,1.00,1.00
2017.04.07 15:05:18.776,1.66073,1.66102,1.00,1.00
2017.04.07 15:05:19.191,1.66072,1.661,1.00,1.00
2017.04.07 15:05:19.494,1.66072,1.66097,1.00,1.00
2017.04.07 15:05:20.037,1.66072,1.66098,1.00,1.00
2017.04.07 15:05:20.542,1.66071,1.66099,1.50,1.00
2017.04.07 15:05:21.095,1.66072,1.66099,1.00,1.00
2017.04.07 15:05:21.520,1.66073,1.66101,1.00,1.00
2017.04.07 15:05:22.521,1.66073,1.661,1.00,1.00
2017.04.07 15:05:22.628,1.66071,1.661,1.50,1.00
2017.04.07 15:05:22.841,1.66073,1.66101,1.00,1.00
2017.04.07 15:05:22.891,1.66073,1.66103,1.00,1.00
2017.04.07 15:05:22.992,1.66073,1.66101,1.00,1.00
2017.04.07 15:05:23.397,1.66071,1.661,1.00,1.00
2017.04.07 15:05:24.666,1.66072,1.661,1.00,1.00
2017.04.07 15:05:25.172,1.66071,1.661,1.50,1.00
2017.04.07 15:05:25.755,1.66071,1.66101,1.50,1.00
2017.04.07 15:05:26.115,1.66073,1.66101,1.00,1.00
2017.04.07 15:05:26.415,1.66073,1.66103,1.50,1.00
2017.04.07 15:05:26.818,1.66076,1.66105,1.00,1.00
2017.04.07 15:05:27.242,1.66079,1.66107,1.00,1.00
2017.04.07 15:05:27.732,1.66083,1.66109,1.00,1.00
2017.04.07 15:05:28.239,1.66084,1.66109,1.00,1.00
2017.04.07 15:05:28.637,1.66087,1.66113,1.00,1.50
2017.04.07 15:05:28.688,1.66087,1.66117,1.00,1.00
2017.04.07 15:05:28.991,1.6609,1.66117,1.00,1.00
2017.04.07 15:05:29.041,1.66091,1.66121,1.00,1.00
2017.04.07 15:05:29.745,1.66093,1.66121,1.00,1.00
2017.04.07 15:05:30.149,1.66091,1.66119,1.00,1.00
2017.04.07 15:05:30.452,1.66093,1.66123,1.00,1.00
2017.04.07 15:05:30.503,1.66098,1.66123,1.00,1.00
2017.04.07 15:05:31.025,1.66099,1.66123,1.00,1.00
2017.04.07 15:05:31.136,1.66099,1.66125,1.00,1.00
2017.04.07 15:05:31.217,1.66099,1.66122,1.00,1.00
2017.04.07 15:05:31.520,1.66092,1.66122,1.00,1.00
2017.04.07 15:05:31.924,1.6609,1.66117,1.00,1.00
2017.04.07 15:05:32.125,1.66092,1.66122,1.00,1.00
2017.04.07 15:05:32.226,1.66094,1.66122,1.00,1.00
2017.04.07 15:05:32.542,1.66095,1.66125,1.00,1.00
2017.04.07 15:05:32.855,1.66096,1.66123,1.00,1.00
2017.04.07 15:05:33.057,1.66094,1.66124,1.50,1.50
2017.04.07 15:05:33.209,1.66093,1.66122,1.50,1.00
2017.04.07 15:05:33.512,1.66096,1.66126,1.00,1.00
2017.04.07 15:05:33.562,1.66099,1.66126,1.00,1.00
2017.04.07 15:05:33.664,1.661,1.66128,1.00,1.00
2017.04.07 15:05:33.765,1.66103,1.66131,1.00,1.37
2017.04.07 15:05:34.051,1.66103,1.66133,1.00,2.25
2017.04.07 15:05:34.505,1.66102,1.66131,1.00,1.00
2017.04.07 15:05:34.766,1.66098,1.66128,1.00,1.00
2017.04.07 15:05:35.476,1.66098,1.66127,1.00,1.00
2017.04.07 15:05:35.628,1.66096,1.66124,1.00,1.00
2017.04.07 15:05:36.134,1.66096,1.66123,1.00,1.50
2017.04.07 15:05:36.235,1.66091,1.66121,1.00,1.00
2017.04.07 15:05:36.336,1.66094,1.66122,1.00,2.25
2017.04.07 15:05:36.641,1.66092,1.6612,1.00,1.00
2017.04.07 15:05:37.466,1.66095,1.66122,1.00,1.00
2017.04.07 15:05:37.522,1.66095,1.66125,1.00,2.25
2017.04.07 15:05:38.671,1.66098,1.66126,1.00,2.25
2017.04.07 15:05:38.994,1.661,1.66126,1.00,1.00
2017.04.07 15:05:39.419,1.66106,1.6613,1.00,1.00
2017.04.07 15:05:39.923,1.66106,1.66131,1.00,1.00
2017.04.07 15:05:40.540,1.66106,1.66132,1.00,1.00
2017.04.07 15:05:40.691,1.66106,1.66134,1.00,1.00
2017.04.07 15:05:41.217,1.66105,1.66133,1.00,1.00
2017.04.07 15:05:41.746,1.66105,1.66135,1.00,1.50
2017.04.07 15:05:42.159,1.66105,1.66133,1.00,1.00
2017.04.07 15:05:42.460,1.66106,1.66136,1.00,1.00
2017.04.07 15:05:43.066,1.66108,1.66132,1.00,1.00
2017.04.07 15:05:43.167,1.66101,1.6613,1.00,1.00
2017.04.07 15:05:43.319,1.66103,1.6613,1.00,1.00
2017.04.07 15:05:43.369,1.66105,1.66134,1.00,1.00
2017.04.07 15:05:43.470,1.66102,1.6613,1.00,1.00
2017.04.07 15:05:43.974,1.66103,1.66131,1.00,1.00
2017.04.07 15:05:44.268,1.66103,1.66133,1.00,1.00
2017.04.07 15:05:44.369,1.66105,1.66135,1.00,1.00
2017.04.07 15:05:44.872,1.66106,1.66136,1.00,1.00
2017.04.07 15:05:46.057,1.66111,1.6613,1.00,1.00
2017.04.07 15:05:46.209,1.66114,1.66142,1.00,1.00
2017.04.07 15:05:46.360,1.66114,1.66144,1.00,1.50
2017.04.07 15:05:46.872,1.66115,1.66143,1.00,1.00
2017.04.07 15:05:47.024,1.66115,1.66145,1.00,1.00
2017.04.07 15:05:47.249,1.66115,1.66143,1.00,1.00
2017.04.07 15:05:47.350,1.66112,1.66141,1.00,1.00
2017.04.07 15:05:47.754,1.6611,1.6614,1.00,1.00
2017.04.07 15:05:48.349,1.66111,1.66141,1.00,1.00
2017.04.07 15:05:49.067,1.66108,1.66138,1.00,1.00
2017.04.07 15:05:49.369,1.66101,1.66131,1.00,1.00
2017.04.07 15:05:49.672,1.66097,1.66127,1.00,1.00
2017.04.07 15:05:50.069,1.66099,1.66129,1.00,1.00
2017.04.07 15:05:50.573,1.66098,1.66128,1.00,1.00
2017.04.07 15:05:51.288,1.66099,1.66129,1.00,1.00
2017.04.07 15:05:51.637,1.66092,1.6612,1.00,1.00
2017.04.07 15:05:51.738,1.66089,1.66119,1.00,1.37
2017.04.07 15:05:51.889,1.66086,1.66116,1.00,1.00
2017.04.07 15:05:52.652,1.66088,1.66117,1.00,1.00
2017.04.07 15:05:53.150,1.66086,1.66116,1.00,1.00
2017.04.07 15:05:53.781,1.66088,1.66117,1.00,1.50
2017.04.07 15:05:54.914,1.66088,1.66116,1.00,1.37
2017.04.07 15:05:55.192,1.66085,1.66114,1.00,1.12
2017.04.07 15:05:55.243,1.66085,1.6611,1.00,1.00
2017.04.07 15:05:55.293,1.6608,1.66109,1.87,1.00
2017.04.07 15:05:55.394,1.66082,1.66111,1.00,1.00
2017.04.07 15:05:55.495,1.66085,1.66115,1.00,1.50
2017.04.07 15:05:55.596,1.66089,1.66119,1.00,1.00
2017.04.07 15:05:55.899,1.66093,1.66122,1.00,1.00
2017.04.07 15:05:56.512,1.66094,1.66121,1.00,1.00
2017.04.07 15:05:57.073,1.66094,1.66122,1.00,1.00
2017.04.07 15:05:57.714,1.66094,1.66121,1.00,1.00
2017.04.07 15:05:58.254,1.66094,1.66122,1.00,1.12
2017.04.07 15:05:58.884,1.66093,1.66122,1.00,1.00
2017.04.07 15:05:59.418,1.66093,1.66121,1.00,1.00
2017.04.07 15:05:59.727,1.66095,1.66121,1.00,1.00
2017.04.07 15:06:00.236,1.66095,1.66122,1.00,1.00
2017.04.07 15:06:00.486,1.66093,1.66121,1.00,1.00
2017.04.07 15:06:00.687,1.66091,1.66119,1.00,1.00
2017.04.07 15:06:00.889,1.66087,1.66117,1.50,1.00
2017.04.07 15:06:00.990,1.66087,1.66115,1.00,1.00
2017.04.07 15:06:01.266,1.66084,1.66114,1.00,1.00
2017.04.07 15:06:01.807,1.66082,1.66112,1.00,1.00
2017.04.07 15:06:02.119,1.66082,1.6611,1.00,1.00
2017.04.07 15:06:02.270,1.6608,1.6611,1.00,1.00
2017.04.07 15:06:02.321,1.6608,1.66108,1.00,1.00
2017.04.07 15:06:02.371,1.66078,1.66107,1.00,1.00
2017.04.07 15:06:02.875,1.66077,1.66107,2.25,1.00
2017.04.07 15:06:03.406,1.66078,1.66108,1.00,1.50
2017.04.07 15:06:03.935,1.66077,1.66107,2.25,1.00
2017.04.07 15:06:03.985,1.66078,1.66105,1.00,1.00
2017.04.07 15:06:04.137,1.66071,1.661,1.00,1.00
2017.04.07 15:06:04.339,1.66068,1.66098,1.00,1.00
2017.04.07 15:06:04.897,1.66067,1.66097,1.00,1.00
2017.04.07 15:06:05.657,1.66066,1.66095,1.00,1.67
2017.04.07 15:06:06.050,1.66059,1.66079,1.00,1.00
2017.04.07 15:06:06.102,1.66059,1.66083,1.00,1.00
2017.04.07 15:06:06.355,1.66056,1.66083,1.00,1.00
2017.04.07 15:06:06.835,1.66059,1.66082,1.00,1.00
2017.04.07 15:06:07.493,1.66058,1.66083,1.00,1.00
2017.04.07 15:06:07.921,1.6606,1.66084,1.00,1.00
2017.04.07 15:06:08.548,1.66061,1.66084,1.00,1.00
2017.04.07 15:06:09.127,1.66059,1.66085,1.00,1.00
2017.04.07 15:06:09.537,1.66062,1.66085,1.00,1.00
2017.04.07 15:06:09.897,1.66065,1.66086,1.00,1.00
2017.04.07 15:06:10.099,1.66071,1.66099,1.00,1.50
2017.04.07 15:06:10.150,1.66074,1.661,1.00,2.25
2017.04.07 15:06:10.301,1.66074,1.66103,1.00,1.50
2017.04.07 15:06:10.813,1.66069,1.66099,1.00,1.00
2017.04.07 15:06:11.166,1.66066,1.66094,1.00,1.00
2017.04.07 15:06:11.468,1.66064,1.66094,1.00,1.00
2017.04.07 15:06:11.569,1.66067,1.66095,1.00,1.00
2017.04.07 15:06:12.493,1.66067,1.66097,1.00,1.00
2017.04.07 15:06:13.154,1.66067,1.66095,1.00,1.00
2017.04.07 15:06:13.568,1.66064,1.66094,1.00,1.00
2017.04.07 15:06:14.764,1.66063,1.66093,1.00,1.00
2017.04.07 15:06:15.310,1.66064,1.66094,1.00,1.00
2017.04.07 15:06:15.867,1.66067,1.66095,1.00,1.00
2017.04.07 15:06:16.463,1.66063,1.66093,1.00,1.12
2017.04.07 15:06:16.564,1.66061,1.66089,1.50,1.00
2017.04.07 15:06:16.866,1.66062,1.66092,1.00,1.00
2017.04.07 15:06:17.232,1.66062,1.6609,1.00,1.00
2017.04.07 15:06:17.434,1.66059,1.66089,1.00,1.00
2017.04.07 15:06:17.535,1.66059,1.66087,1.00,1.00
2017.04.07 15:06:17.875,1.66057,1.66087,1.00,1.00
2017.04.07 15:06:18.414,1.66058,1.66088,1.00,1.00
2017.04.07 15:06:19.472,1.66058,1.66086,1.00,1.00
2017.04.07 15:06:19.574,1.66053,1.66083,1.00,1.00
2017.04.07 15:06:19.978,1.66053,1.66081,1.00,1.00
2017.04.07 15:06:20.334,1.66053,1.66083,1.00,1.00
2017.04.07 15:06:20.536,1.6605,1.6608,1.00,1.00
2017.04.07 15:06:20.882,1.66053,1.66079,1.00,1.00
2017.04.07 15:06:20.932,1.66051,1.66079,1.00,1.00
2017.04.07 15:06:20.983,1.66048,1.66076,1.37,1.00
2017.04.07 15:06:21.034,1.66049,1.66079,1.37,1.00
2017.04.07 15:06:21.134,1.66052,1.6608,1.00,1.50
2017.04.07 15:06:21.437,1.66054,1.66084,1.00,2.62
2017.04.07 15:06:21.601,1.66048,1.66078,1.00,1.00
2017.04.07 15:06:21.903,1.66051,1.66081,1.00,1.00
2017.04.07 15:06:22.217,1.66052,1.66079,1.00,1.00
2017.04.07 15:06:22.469,1.66046,1.66076,1.50,1.00
2017.04.07 15:06:22.570,1.66045,1.66073,1.00,1.00
2017.04.07 15:06:22.889,1.6604,1.66069,1.00,1.22
2017.04.07 15:06:22.939,1.66038,1.66068,1.00,1.15
2017.04.07 15:06:23.187,1.66037,1.66067,1.00,1.15
2017.04.07 15:06:23.238,1.66034,1.66064,1.00,1.17
2017.04.07 15:06:23.389,1.66033,1.66061,1.00,1.07
2017.04.07 15:06:23.692,1.66033,1.66061,1.00,1.15
2017.04.07 15:06:23.863,1.66033,1.66061,1.00,1.17
2017.04.07 15:06:26.713,1.66033,1.66061,1.00,1.15
2017.04.07 15:06:26.764,1.66029,1.66059,1.00,1.00
2017.04.07 15:06:26.867,1.66031,1.6606,1.00,1.10
2017.04.07 15:06:27.170,1.6604,1.66061,1.00,1.00
2017.04.07 15:06:27.460,1.66041,1.66065,1.00,1.00
2017.04.07 15:06:27.511,1.66041,1.66069,1.00,1.07
2017.04.07 15:06:27.612,1.66041,1.66071,1.00,1.00
2017.04.07 15:06:27.763,1.66043,1.66071,1.00,1.00
2017.04.07 15:06:27.864,1.66038,1.66068,1.50,1.00
2017.04.07 15:06:28.268,1.66038,1.66068,1.00,1.17
2017.04.07 15:06:28.470,1.66038,1.66068,1.00,1.00
2017.04.07 15:06:29.310,1.6604,1.66067,1.00,1.00
2017.04.07 15:06:29.613,1.6604,1.66069,1.00,1.00
2017.04.07 15:06:29.866,1.66041,1.66071,1.00,1.00
2017.04.07 15:06:30.411,1.6604,1.6607,1.00,1.00
2017.04.07 15:06:30.914,1.66042,1.6607,1.00,1.00
2017.04.07 15:06:31.015,1.66046,1.66075,1.00,1.00
2017.04.07 15:06:31.218,1.66043,1.66072,1.00,1.00
2017.04.07 15:06:31.633,1.66044,1.66074,1.50,1.00
2017.04.07 15:06:32.139,1.66043,1.66073,1.00,1.00
2017.04.07 15:06:32.240,1.66045,1.66073,1.00,1.00
2017.04.07 15:06:32.341,1.66042,1.66072,1.00,1.00
2017.04.07 15:06:32.730,1.6604,1.66068,1.00,1.00
2017.04.07 15:06:33.034,1.66035,1.66064,1.00,1.00
2017.04.07 15:06:33.538,1.66035,1.66065,1.00,1.00
2017.04.07 15:06:33.828,1.66033,1.66063,1.50,1.00
2017.04.07 15:06:34.233,1.66038,1.66066,1.00,1.00
2017.04.07 15:06:34.436,1.66038,1.66068,1.00,1.50
2017.04.07 15:06:35.713,1.66038,1.66067,1.00,1.00
2017.04.07 15:06:36.248,1.66037,1.66067,1.00,1.00
2017.04.07 15:06:36.349,1.66036,1.66064,1.00,1.00
2017.04.07 15:06:37.434,1.66038,1.66068,1.00,1.00
2017.04.07 15:06:37.653,1.66034,1.66064,1.00,1.00
2017.04.07 15:06:37.956,1.66042,1.66066,1.00,1.00
2017.04.07 15:06:38.058,1.66043,1.66068,1.00,1.00
2017.04.07 15:06:38.514,1.66046,1.66072,1.00,1.34
2017.04.07 15:06:38.564,1.66046,1.66072,1.00,1.00
2017.04.07 15:06:38.615,1.66048,1.66076,1.00,1.00
2017.04.07 15:06:38.781,1.66051,1.66078,1.00,1.00
2017.04.07 15:06:38.832,1.66052,1.6608,1.00,1.00
2017.04.07 15:06:38.933,1.6605,1.6608,1.00,1.50
2017.04.07 15:06:39.457,1.6605,1.66079,1.00,1.00
2017.04.07 15:06:40.079,1.6605,1.6608,1.00,1.50
2017.04.07 15:06:40.728,1.66052,1.6608,1.00,1.00
2017.04.07 15:06:40.779,1.66052,1.66082,1.00,1.50
2017.04.07 15:06:41.301,1.66053,1.66083,1.00,1.00
2017.04.07 15:06:41.763,1.66053,1.66081,1.00,1.09
2017.04.07 15:06:42.103,1.66042,1.66072,1.00,1.00
2017.04.07 15:06:42.608,1.66043,1.66071,1.50,1.00
2017.04.07 15:06:42.709,1.66043,1.66073,1.50,1.50
2017.04.07 15:06:42.860,1.66045,1.66073,1.00,1.00
2017.04.07 15:06:43.163,1.66047,1.66073,1.00,1.00
2017.04.07 15:06:43.338,1.66048,1.66076,1.00,1.35
2017.04.07 15:06:43.490,1.66055,1.66076,1.00,1.00
2017.04.07 15:06:43.591,1.66063,1.66087,1.00,1.50
2017.04.07 15:06:43.642,1.66073,1.66089,1.00,1.00
2017.04.07 15:06:43.744,1.66073,1.66094,1.00,1.00
2017.04.07 15:06:43.846,1.66075,1.66099,1.00,1.00
2017.04.07 15:06:43.947,1.66075,1.66105,1.00,1.87
2017.04.07 15:06:44.149,1.66072,1.661,1.00,1.00
2017.04.07 15:06:44.475,1.66056,1.66086,1.50,1.22
2017.04.07 15:06:44.626,1.66052,1.6608,1.00,1.25
2017.04.07 15:06:44.677,1.66052,1.66082,1.00,2.17
2017.04.07 15:06:44.727,1.66045,1.66075,1.50,1.17
2017.04.07 15:06:44.879,1.66045,1.66075,1.00,1.25
2017.04.07 15:06:45.181,1.66043,1.66073,1.00,1.30
2017.04.07 15:06:46.064,1.66045,1.66073,1.00,1.25
2017.04.07 15:06:46.215,1.66045,1.66073,1.00,1.25
2017.04.07 15:06:46.266,1.66047,1.66076,1.00,1.30
2017.04.07 15:06:46.816,1.66046,1.66074,1.00,1.32
2017.04.07 15:06:47.045,1.66044,1.66074,1.00,1.30
2017.04.07 15:06:47.356,1.66044,1.66072,1.00,1.22
2017.04.07 15:06:47.507,1.66044,1.66072,1.00,1.15
2017.04.07 15:06:47.558,1.66044,1.66072,1.00,1.32
2017.04.07 15:06:47.659,1.66042,1.6607,1.00,1.17
2017.04.07 15:06:47.760,1.6604,1.6607,1.00,1.22
2017.04.07 15:06:47.862,1.6604,1.66068,1.00,1.32
2017.04.07 15:06:47.963,1.66038,1.66065,1.00,1.07
2017.04.07 15:06:48.014,1.66039,1.66065,1.00,1.15
2017.04.07 15:06:48.065,1.66034,1.66063,1.12,1.20
2017.04.07 15:06:48.166,1.66035,1.66065,1.00,1.22
2017.04.07 15:06:49.255,1.66035,1.66065,1.00,1.25
2017.04.07 15:06:49.760,1.66035,1.66065,1.00,1.32
2017.04.07 15:06:50.397,1.66035,1.66065,1.37,1.22
2017.04.07 15:06:50.699,1.66046,1.66074,1.00,1.50
2017.04.07 15:06:51.203,1.66045,1.66075,1.00,1.50
2017.04.07 15:06:51.254,1.66045,1.66075,1.00,1.65
2017.04.07 15:06:51.891,1.66045,1.66075,1.00,1.80
2017.04.07 15:06:52.351,1.66045,1.66075,1.00,1.50
2017.04.07 15:06:52.402,1.66045,1.66075,1.00,2.47
2017.04.07 15:06:52.453,1.66042,1.66071,1.00,1.25
2017.04.07 15:06:52.655,1.66044,1.66072,1.00,1.17
2017.04.07 15:06:53.119,1.66045,1.66075,1.00,1.65
2017.04.07 15:06:55.276,1.66045,1.66074,1.00,1.15
2017.04.07 15:06:55.562,1.66043,1.66073,1.00,1.15
2017.04.07 15:06:56.074,1.66043,1.66073,1.00,1.15
2017.04.07 15:06:56.175,1.66043,1.66073,1.00,1.00
2017.04.07 15:06:56.681,1.66044,1.66074,1.00,1.00
2017.04.07 15:06:57.223,1.66043,1.66073,1.00,1.00
2017.04.07 15:06:59.103,1.6604,1.66068,1.00,1.00
2017.04.07 15:06:59.406,1.66034,1.66063,1.00,1.17
2017.04.07 15:07:00.414,1.66033,1.66063,1.87,1.17
2017.04.07 15:07:00.772,1.66035,1.66065,1.00,1.15
2017.04.07 15:07:01.274,1.66034,1.66062,1.00,1.10
2017.04.07 15:07:01.778,1.66033,1.66063,1.87,1.17
2017.04.07 15:07:02.293,1.66033,1.66063,1.50,1.07
2017.04.07 15:07:02.760,1.66036,1.66064,1.00,1.10
2017.04.07 15:07:03.265,1.66035,1.66065,1.00,1.00
2017.04.07 15:07:03.568,1.66042,1.6607,1.00,1.00
2017.04.07 15:07:03.846,1.66049,1.66079,1.00,2.25
2017.04.07 15:07:04.366,1.66048,1.66078,1.00,1.50
2017.04.07 15:07:04.907,1.66049,1.66079,1.00,1.50
2017.04.07 15:07:05.454,1.66051,1.66079,1.00,1.50
2017.04.07 15:07:05.759,1.66069,1.6609,1.00,1.50
2017.04.07 15:07:05.860,1.66066,1.66092,1.00,1.00
2017.04.07 15:07:05.911,1.66066,1.66096,1.00,1.50
2017.04.07 15:07:05.963,1.66062,1.66092,1.00,1.00
2017.04.07 15:07:06.265,1.6607,1.66099,1.00,1.50
2017.04.07 15:07:06.801,1.66069,1.66099,1.00,1.00
2017.04.07 15:07:07.115,1.66067,1.66097,1.00,1.00
2017.04.07 15:07:07.468,1.66065,1.66095,1.00,1.15
2017.04.07 15:07:07.620,1.66063,1.66092,1.00,1.00
2017.04.07 15:07:07.833,1.6606,1.66087,1.00,1.00
2017.04.07 15:07:08.136,1.66059,1.66085,1.00,1.00
2017.04.07 15:07:08.187,1.66059,1.66089,1.50,1.00
2017.04.07 15:07:08.389,1.66062,1.6609,1.00,1.00
2017.04.07 15:07:08.896,1.66064,1.66093,1.00,1.00
2017.04.07 15:07:09.220,1.66066,1.66094,1.00,1.00
2017.04.07 15:07:09.524,1.66064,1.66092,1.50,1.00
2017.04.07 15:07:09.676,1.66065,1.66095,1.00,1.00
2017.04.07 15:07:10.728,1.66072,1.66102,1.00,1.00
2017.04.07 15:07:11.032,1.66063,1.66093,1.00,1.00
2017.04.07 15:07:11.359,1.66067,1.66097,1.00,1.00
2017.04.07 15:07:11.662,1.66069,1.66097,1.00,1.00
2017.04.07 15:07:11.964,1.66066,1.66096,1.50,1.00
2017.04.07 15:07:12.096,1.66066,1.66091,1.00,1.00
2017.04.07 15:07:12.147,1.66061,1.66091,1.00,1.00
2017.04.07 15:07:12.299,1.66059,1.66086,1.50,1.00
2017.04.07 15:07:12.905,1.66063,1.66087,2.10,1.00
2017.04.07 15:07:13.158,1.66077,1.66106,1.00,1.00
2017.04.07 15:07:13.888,1.66077,1.66107,1.00,1.00
2017.04.07 15:07:14.377,1.66079,1.66107,1.00,1.00
2017.04.07 15:07:14.679,1.66087,1.6611,1.00,1.00
2017.04.07 15:07:14.982,1.6609,1.66116,1.00,1.00
2017.04.07 15:07:15.083,1.6609,1.66118,1.00,1.00
2017.04.07 15:07:15.596,1.66089,1.66117,1.00,1.00
2017.04.07 15:07:15.697,1.66085,1.66115,1.00,1.00
2017.04.07 15:07:16.261,1.66084,1.66114,1.50,1.00
2017.04.07 15:07:17.179,1.6608,1.66108,1.00,1.00
2017.04.07 15:07:17.683,1.66079,1.66109,1.00,1.00
2017.04.07 15:07:18.880,1.6608,1.66109,1.00,1.00
2017.04.07 15:07:19.082,1.66085,1.66115,1.00,1.00
2017.04.07 15:07:19.133,1.66088,1.66115,1.00,1.00
2017.04.07 15:07:19.183,1.66088,1.66117,1.00,1.00
2017.04.07 15:07:19.385,1.66086,1.66116,1.00,1.00
2017.04.07 15:07:19.788,1.6609,1.66118,1.00,1.00
2017.04.07 15:07:21.274,1.66088,1.66116,1.00,1.00
2017.04.07 15:07:23.189,1.66089,1.66119,1.00,1.00
2017.04.07 15:07:24.016,1.6609,1.6612,1.00,1.00
2017.04.07 15:07:25.787,1.66087,1.66114,1.00,1.09
2017.04.07 15:07:25.838,1.66084,1.66114,1.50,1.00
2017.04.07 15:07:25.940,1.66083,1.66112,1.50,1.00
2017.04.07 15:07:26.242,1.6608,1.66108,1.37,1.00
2017.04.07 15:07:26.293,1.6608,1.6611,1.37,1.50
2017.04.07 15:07:26.394,1.66083,1.6611,1.00,1.00
2017.04.07 15:07:26.445,1.66083,1.66113,1.00,1.00
2017.04.07 15:07:26.698,1.66086,1.66116,1.00,2.25
2017.04.07 15:07:27.216,1.66087,1.66116,1.00,1.00
2017.04.07 15:07:27.795,1.66086,1.66116,1.00,1.50
2017.04.07 15:07:29.045,1.66087,1.66116,1.00,1.00
2017.04.07 15:07:29.146,1.66092,1.66122,1.50,1.00
2017.04.07 15:07:29.197,1.66095,1.66122,1.00,1.00
2017.04.07 15:07:29.247,1.66099,1.66129,1.00,3.00
2017.04.07 15:07:29.348,1.66105,1.66131,1.00,1.00
2017.04.07 15:07:29.500,1.66108,1.66136,1.00,1.00
2017.04.07 15:07:29.551,1.66108,1.66138,1.00,1.50
2017.04.07 15:07:29.652,1.6611,1.66138,1.00,1.00
2017.04.07 15:07:30.157,1.66109,1.66137,1.00,1.00
2017.04.07 15:07:31.272,1.66109,1.66139,1.00,1.00
2017.04.07 15:07:31.373,1.66108,1.66136,1.00,1.00
2017.04.07 15:07:32.029,1.66108,1.66127,1.00,1.00
2017.04.07 15:07:32.079,1.66102,1.66127,1.50,1.00
2017.04.07 15:07:32.130,1.661,1.66126,1.00,1.00
2017.04.07 15:07:32.181,1.66098,1.66126,1.00,1.00
2017.04.07 15:07:32.232,1.66093,1.66123,1.00,1.00
2017.04.07 15:07:32.518,1.66091,1.66121,1.00,1.00
2017.04.07 15:07:32.839,1.66088,1.66118,1.50,1.00
2017.04.07 15:07:33.665,1.66089,1.66119,1.00,1.00
2017.04.07 15:07:33.968,1.66093,1.66122,1.00,1.00
2017.04.07 15:07:34.480,1.66094,1.66122,1.00,1.50
2017.04.07 15:07:34.633,1.66092,1.66122,1.00,1.50
2017.04.07 15:07:35.172,1.66091,1.66121,1.00,1.00
2017.04.07 15:07:36.175,1.66092,1.66122,1.00,1.00
2017.04.07 15:07:36.470,1.6609,1.6612,1.50,1.00
2017.04.07 15:07:37.171,1.66092,1.66122,1.00,1.50
2017.04.07 15:07:37.473,1.66087,1.66117,1.00,1.00
2017.04.07 15:07:37.840,1.66089,1.66119,1.00,1.50
2017.04.07 15:07:38.146,1.66094,1.6612,1.00,1.00
2017.04.07 15:07:38.448,1.66091,1.66119,1.00,1.00
2017.04.07 15:07:38.955,1.66091,1.6612,1.00,1.00
2017.04.07 15:07:39.056,1.66093,1.66119,1.00,1.00
2017.04.07 15:07:39.157,1.66091,1.6612,1.00,1.00
2017.04.07 15:07:39.908,1.66091,1.66119,1.00,1.00
2017.04.07 15:07:39.959,1.66093,1.66119,1.00,1.00
2017.04.07 15:07:40.061,1.6609,1.66119,1.00,1.00
2017.04.07 15:07:40.112,1.6609,1.6612,1.34,1.50
2017.04.07 15:07:40.162,1.66092,1.66122,1.69,2.25
2017.04.07 15:07:40.263,1.66099,1.66122,1.00,1.00
2017.04.07 15:07:40.365,1.66094,1.66122,1.00,1.00
2017.04.07 15:07:40.466,1.66099,1.66122,1.00,1.00
2017.04.07 15:07:40.803,1.661,1.66129,1.00,1.00
2017.04.07 15:07:40.954,1.66099,1.66127,1.00,1.00
2017.04.07 15:07:41.056,1.66099,1.66129,1.00,1.00
2017.04.07 15:07:41.157,1.66103,1.66132,1.00,1.50
2017.04.07 15:07:41.459,1.66105,1.66134,1.00,1.00
2017.04.07 15:07:41.661,1.66106,1.66136,1.00,2.25
2017.04.07 15:07:41.964,1.66109,1.66137,1.00,2.25
2017.04.07 15:07:42.367,1.66106,1.66136,1.00,1.50
2017.04.07 15:07:43.189,1.66108,1.66136,1.00,1.00
2017.04.07 15:07:43.694,1.66108,1.66137,1.00,2.25
2017.04.07 15:07:44.584,1.66108,1.66136,1.00,1.00
2017.04.07 15:07:45.106,1.66107,1.66137,1.00,3.00
2017.04.07 15:07:45.622,1.66101,1.66131,1.00,1.00
2017.04.07 15:07:45.937,1.66104,1.66131,1.00,1.00
2017.04.07 15:07:46.442,1.66106,1.66135,1.00,1.87
2017.04.07 15:07:46.764,1.66106,1.66136,1.00,2.62
2017.04.07 15:07:47.319,1.66107,1.66136,1.00,1.35
2017.04.07 15:07:47.732,1.66109,1.66137,1.00,1.35
2017.04.07 15:07:48.403,1.66107,1.66137,1.00,1.50
2017.04.07 15:07:49.023,1.66107,1.66136,1.00,1.00
2017.04.07 15:07:49.124,1.66109,1.66137,1.00,1.00
2017.04.07 15:07:49.376,1.66109,1.66139,1.00,1.50
2017.04.07 15:07:49.797,1.66115,1.66139,1.00,1.00
2017.04.07 15:07:50.100,1.66123,1.66141,1.00,1.00
2017.04.07 15:07:50.302,1.66122,1.6615,1.00,1.50
2017.04.07 15:07:50.353,1.66122,1.66148,1.00,1.00
2017.04.07 15:07:50.404,1.66117,1.66147,1.00,1.50
2017.04.07 15:07:50.706,1.6612,1.66148,1.00,1.50
2017.04.07 15:07:50.896,1.66118,1.66148,1.00,1.00
2017.04.07 15:07:50.997,1.6612,1.66148,1.00,1.00
2017.04.07 15:07:51.603,1.66121,1.66151,1.00,3.00
2017.04.07 15:07:51.805,1.66123,1.66152,1.00,3.00
2017.04.07 15:07:52.482,1.66123,1.66153,1.00,1.50
2017.04.07 15:07:52.834,1.66125,1.66153,1.00,1.00
2017.04.07 15:07:53.037,1.66123,1.66153,1.00,1.00
2017.04.07 15:07:53.590,1.66122,1.66152,1.00,1.00
2017.04.07 15:07:53.741,1.66124,1.66152,1.00,1.00
2017.04.07 15:07:54.094,1.66124,1.66154,1.00,1.00
2017.04.07 15:07:54.196,1.66124,1.66152,1.00,1.00
2017.04.07 15:07:54.448,1.66124,1.66154,1.00,1.50
2017.04.07 15:07:54.499,1.66128,1.66154,1.00,1.00
2017.04.07 15:07:54.942,1.66129,1.66157,1.00,1.50
2017.04.07 15:07:55.096,1.66127,1.66156,1.00,1.00
2017.04.07 15:07:55.604,1.66126,1.66155,1.00,1.00
2017.04.07 15:07:55.841,1.66126,1.66153,1.00,1.00
2017.04.07 15:07:56.044,1.66115,1.66145,1.00,1.00
2017.04.07 15:07:56.197,1.66114,1.66143,1.00,1.00
2017.04.07 15:07:56.349,1.66115,1.66145,1.00,1.00
2017.04.07 15:07:56.500,1.66118,1.66146,1.37,1.00
2017.04.07 15:07:56.652,1.66126,1.66156,1.00,1.50
2017.04.07 15:07:56.703,1.66129,1.66156,1.00,1.00
2017.04.07 15:07:57.048,1.66133,1.66155,1.00,1.00
2017.04.07 15:07:57.100,1.66133,1.66161,1.00,1.00
2017.04.07 15:07:57.201,1.66136,1.66161,1.00,1.00
2017.04.07 15:07:57.253,1.66136,1.66164,1.00,1.00
2017.04.07 15:07:57.505,1.66137,1.66166,1.00,1.50
2017.04.07 15:07:57.707,1.66135,1.66165,1.00,1.00
2017.04.07 15:07:57.808,1.66135,1.66163,1.00,1.00
2017.04.07 15:07:58.270,1.66139,1.66169,1.00,1.00
2017.04.07 15:07:58.774,1.6614,1.6617,1.00,1.50
2017.04.07 15:07:58.825,1.6614,1.66168,1.00,1.00
2017.04.07 15:07:59.805,1.6614,1.66169,1.00,1.50
2017.04.07 15:08:01.280,1.6614,1.6617,1.00,2.25
2017.04.07 15:08:01.633,1.66142,1.66167,1.00,1.00
2017.04.07 15:08:02.128,1.6614,1.66167,1.00,1.00
2017.04.07 15:08:02.532,1.66142,1.66167,1.00,1.00
2017.04.07 15:08:03.049,1.66139,1.66167,1.00,1.00
2017.04.07 15:08:03.622,1.66139,1.66169,1.00,1.50
2017.04.07 15:08:03.674,1.66138,1.66166,1.00,1.00
2017.04.07 15:08:03.976,1.66136,1.66164,1.00,1.00
2017.04.07 15:08:04.329,1.66134,1.66164,1.00,1.00
2017.04.07 15:08:04.883,1.66135,1.66165,1.00,1.00
2017.04.07 15:08:05.492,1.66134,1.66164,1.00,1.00
2017.04.07 15:08:06.165,1.66136,1.66166,1.00,1.00
2017.04.07 15:08:06.723,1.66135,1.66165,1.00,1.00
2017.04.07 15:08:07.241,1.66136,1.66166,1.00,1.00
2017.04.07 15:08:07.580,1.66138,1.66167,1.00,1.00
2017.04.07 15:08:07.630,1.66135,1.66165,1.00,1.00
2017.04.07 15:08:09.989,1.66135,1.66164,1.00,1.00
2017.04.07 15:08:10.040,1.66133,1.66161,1.00,1.00
2017.04.07 15:08:10.242,1.66131,1.6616,1.00,1.00
2017.04.07 15:08:10.540,1.66128,1.66158,1.00,1.00
2017.04.07 15:08:10.967,1.6613,1.6616,1.00,1.50
2017.04.07 15:08:11.270,1.66137,1.66165,1.00,2.25
2017.04.07 15:08:11.421,1.66133,1.66163,1.00,1.00
2017.04.07 15:08:11.522,1.66133,1.66161,1.00,1.00
2017.04.07 15:08:12.223,1.66134,1.66162,1.00,1.00
2017.04.07 15:08:12.324,1.66131,1.66161,1.00,1.00
2017.04.07 15:08:12.862,1.66132,1.66162,1.00,1.50
2017.04.07 15:08:13.372,1.66132,1.66159,1.00,1.00
2017.04.07 15:08:13.524,1.66127,1.66155,1.00,1.00
2017.04.07 15:08:13.797,1.66131,1.66161,1.00,1.00
2017.04.07 15:08:13.963,1.66135,1.66164,1.00,1.00
2017.04.07 15:08:14.266,1.66136,1.66166,1.00,1.50
2017.04.07 15:08:14.467,1.66136,1.66164,1.00,1.00
2017.04.07 15:08:15.166,1.66138,1.66168,1.50,1.00
2017.04.07 15:08:15.267,1.6614,1.6617,1.00,1.00
2017.04.07 15:08:15.601,1.66143,1.66173,1.00,2.10
2017.04.07 15:08:16.510,1.66143,1.66171,1.00,1.00
2017.04.07 15:08:17.255,1.66143,1.66172,1.00,1.50
2017.04.07 15:08:17.779,1.66143,1.66173,1.00,2.10
2017.04.07 15:08:19.285,1.66143,1.66172,1.00,1.00
2017.04.07 15:08:19.667,1.66145,1.66172,1.00,1.00
2017.04.07 15:08:19.768,1.66143,1.66171,1.00,1.00
2017.04.07 15:08:19.942,1.66145,1.66171,1.00,1.00
2017.04.07 15:08:22.240,1.66145,1.66172,1.00,1.00
2017.04.07 15:08:22.673,1.66145,1.66175,1.00,1.00
2017.04.07 15:08:22.775,1.66144,1.66172,1.00,1.00
2017.04.07 15:08:23.292,1.66145,1.66173,1.00,1.00
2017.04.07 15:08:24.140,1.66145,1.66172,1.00,1.00
2017.04.07 15:08:24.291,1.66146,1.66174,1.00,1.00
2017.04.07 15:08:24.932,1.66148,1.66176,1.00,2.25
2017.04.07 15:08:25.859,1.66147,1.66175,1.00,1.00
2017.04.07 15:08:26.534,1.66147,1.66176,1.00,1.00
2017.04.07 15:08:27.044,1.66148,1.66176,1.00,1.50
2017.04.07 15:08:27.854,1.66151,1.66179,1.00,1.00
2017.04.07 15:08:27.955,1.66148,1.66178,1.00,1.00
2017.04.07 15:08:28.157,1.66149,1.66176,1.00,1.00
2017.04.07 15:08:28.745,1.66148,1.66176,1.00,1.00
2017.04.07 15:08:29.346,1.66148,1.66172,1.00,1.00
2017.04.07 15:08:30.053,1.66145,1.66172,1.00,1.00
2017.04.07 15:08:31.617,1.66144,1.66172,1.00,1.00
2017.04.07 15:08:33.446,1.66143,1.66172,1.00,1.00
2017.04.07 15:08:33.776,1.66158,1.66178,1.00,1.00
2017.04.07 15:08:34.184,1.66159,1.66187,1.00,1.00
2017.04.07 15:08:35.164,1.66155,1.66185,1.00,1.00
2017.04.07 15:08:35.265,1.66158,1.66186,1.00,1.50
2017.04.07 15:08:35.466,1.66156,1.66186,1.00,1.50
2017.04.07 15:08:36.050,1.66159,1.66186,1.00,1.00
2017.04.07 15:08:36.358,1.66168,1.66194,1.00,1.50
2017.04.07 15:08:36.409,1.66167,1.66196,1.00,1.50
2017.04.07 15:08:36.460,1.66171,1.66201,1.00,1.50
2017.04.07 15:08:36.612,1.66173,1.662,1.09,1.00
2017.04.07 15:08:36.815,1.66176,1.66204,1.00,1.00
2017.04.07 15:08:37.225,1.66176,1.66202,1.00,1.00
2017.04.07 15:08:37.750,1.66172,1.66202,1.00,1.00
2017.04.07 15:08:38.571,1.66173,1.66202,1.00,1.00
2017.04.07 15:08:38.672,1.66178,1.66207,1.00,1.00
2017.04.07 15:08:38.974,1.66182,1.66204,1.00,1.00
2017.04.07 15:08:39.186,1.66167,1.66197,1.50,1.00
2017.04.07 15:08:39.237,1.66166,1.66194,1.00,1.00
2017.04.07 15:08:39.338,1.66164,1.66194,1.50,1.00
2017.04.07 15:08:39.539,1.66166,1.66196,1.50,1.00
2017.04.07 15:08:39.842,1.66172,1.662,1.00,1.00
2017.04.07 15:08:40.060,1.66172,1.66202,1.00,1.50
2017.04.07 15:08:40.321,1.66175,1.66203,1.00,1.00
2017.04.07 15:08:41.057,1.66171,1.66201,1.00,1.00
2017.04.07 15:08:41.259,1.66173,1.66201,1.00,1.00
2017.04.07 15:08:42.293,1.66187,1.66201,1.00,1.00
2017.04.07 15:08:42.344,1.66189,1.66204,1.00,1.00
2017.04.07 15:08:42.445,1.66187,1.66215,1.00,1.67
2017.04.07 15:08:42.546,1.66187,1.66217,1.00,1.00
2017.04.07 15:08:42.647,1.66184,1.66214,2.25,1.00
2017.04.07 15:08:42.951,1.66181,1.66203,1.00,1.00
2017.04.07 15:08:43.052,1.66174,1.66199,2.10,1.00
2017.04.07 15:08:43.435,1.66171,1.66199,1.50,1.00
2017.04.07 15:08:43.875,1.66171,1.66201,1.50,1.00
2017.04.07 15:08:44.435,1.6617,1.66198,1.00,1.00
2017.04.07 15:08:45.680,1.66171,1.66198,2.25,1.00
2017.04.07 15:08:45.883,1.66175,1.66204,1.00,1.50
2017.04.07 15:08:45.984,1.66172,1.662,1.00,1.00
2017.04.07 15:08:46.085,1.66175,1.66204,1.00,1.00
2017.04.07 15:08:46.186,1.66179,1.66204,1.50,1.00
2017.04.07 15:08:46.455,1.6619,1.6622,1.00,1.60
2017.04.07 15:08:46.960,1.6619,1.6622,1.00,1.00
2017.04.07 15:08:47.262,1.66193,1.66221,1.00,1.00
2017.04.07 15:08:47.874,1.66192,1.66221,1.00,1.50
2017.04.07 15:08:48.227,1.66204,1.66223,1.34,1.50
2017.04.07 15:08:48.379,1.66227,1.66244,1.00,1.00
2017.04.07 15:08:48.430,1.66227,1.66256,1.00,2.25
2017.04.07 15:08:48.531,1.66219,1.66248,1.00,1.50
2017.04.07 15:08:48.581,1.66221,1.66249,1.70,3.00
2017.04.07 15:08:48.912,1.66226,1.66254,1.00,1.00
2017.04.07 15:08:48.963,1.66226,1.66252,1.00,1.00
2017.04.07 15:08:49.064,1.6622,1.66247,1.50,1.00
2017.04.07 15:08:49.165,1.66217,1.66246,1.00,1.00
2017.04.07 15:08:49.708,1.66217,1.66247,1.00,1.00
2017.04.07 15:08:50.745,1.66219,1.66249,1.00,1.00
2017.04.07 15:08:51.053,1.66216,1.66246,1.00,1.00
2017.04.07 15:08:51.696,1.66215,1.66245,1.00,1.00
2017.04.07 15:08:52.966,1.6622,1.66247,1.00,1.50
2017.04.07 15:08:53.017,1.6622,1.6625,1.00,1.00
2017.04.07 15:08:53.068,1.66223,1.66252,1.00,1.50
2017.04.07 15:08:53.454,1.66225,1.66252,1.00,1.50
2017.04.07 15:08:53.656,1.66223,1.66252,1.00,1.00
2017.04.07 15:08:53.757,1.66222,1.6625,1.00,1.00
2017.04.07 15:08:53.859,1.66219,1.66249,1.00,1.00
2017.04.07 15:08:53.960,1.66217,1.66247,1.50,1.00
2017.04.07 15:08:54.266,1.66217,1.66245,1.00,1.00
2017.04.07 15:08:54.368,1.66213,1.66243,1.50,1.00
2017.04.07 15:08:54.671,1.66215,1.66245,1.00,1.00
2017.04.07 15:08:55.207,1.66216,1.66246,1.00,1.00
2017.04.07 15:08:55.518,1.66216,1.66244,1.00,1.00
2017.04.07 15:08:55.669,1.66214,1.66244,1.00,1.00
2017.04.07 15:08:56.165,1.66217,1.66245,1.00,1.00
2017.04.07 15:08:56.418,1.6622,1.66249,1.00,1.00
2017.04.07 15:08:56.469,1.66215,1.66245,1.50,1.00
2017.04.07 15:08:56.989,1.66216,1.66246,1.00,1.50
2017.04.07 15:08:57.525,1.66215,1.66245,1.00,1.00
2017.04.07 15:08:59.186,1.66215,1.66243,1.00,1.00
2017.04.07 15:08:59.710,1.66214,1.66242,1.00,1.00
2017.04.07 15:09:01.253,1.66213,1.66241,1.00,1.00
2017.04.07 15:09:01.582,1.66216,1.66239,1.00,1.00
2017.04.07 15:09:01.834,1.66217,1.66241,1.00,1.00
2017.04.07 15:09:02.381,1.66217,1.66242,1.00,1.00
2017.04.07 15:09:02.605,1.66224,1.66248,1.00,1.00
2017.04.07 15:09:02.656,1.66224,1.66252,1.00,1.00
2017.04.07 15:09:02.706,1.66228,1.66254,1.00,1.00
2017.04.07 15:09:03.009,1.66234,1.66258,1.00,1.00
2017.04.07 15:09:03.543,1.66233,1.66257,1.00,1.00
2017.04.07 15:09:03.884,1.66237,1.66257,1.00,1.00
2017.04.07 15:09:03.935,1.66237,1.6626,1.00,1.00
2017.04.07 15:09:04.036,1.66234,1.6626,1.00,1.00
2017.04.07 15:09:04.086,1.66233,1.66256,1.00,1.00
2017.04.07 15:09:04.288,1.66227,1.66253,1.00,1.50
2017.04.07 15:09:04.339,1.66227,1.66249,1.00,1.00
2017.04.07 15:09:04.641,1.66228,1.66247,1.00,1.00
2017.04.07 15:09:04.692,1.66225,1.66247,1.00,1.00
2017.04.07 15:09:05.082,1.66222,1.66247,1.00,1.00
2017.04.07 15:09:05.133,1.66222,1.66243,1.00,1.00
2017.04.07 15:09:05.386,1.6622,1.66243,1.00,1.00
2017.04.07 15:09:05.487,1.66224,1.66243,1.00,1.00
2017.04.07 15:09:05.588,1.66217,1.66239,1.50,1.00
2017.04.07 15:09:05.689,1.66217,1.66237,1.00,1.00
2017.04.07 15:09:05.992,1.66227,1.66237,1.00,1.00
2017.04.07 15:09:07.105,1.66229,1.6624,1.00,1.00
2017.04.07 15:09:07.206,1.6623,1.66244,1.00,1.00
2017.04.07 15:09:07.307,1.66232,1.66244,1.00,1.00
2017.04.07 15:09:07.408,1.66229,1.66244,1.00,1.00
2017.04.07 15:09:07.631,1.66227,1.66247,1.00,1.00
2017.04.07 15:09:07.682,1.66228,1.6625,1.00,1.50
2017.04.07 15:09:07.733,1.66228,1.66248,1.00,1.00
2017.04.07 15:09:07.784,1.66223,1.66246,1.50,1.00
2017.04.07 15:09:07.836,1.66223,1.66249,1.00,1.00
2017.04.07 15:09:07.887,1.66229,1.66249,1.00,1.00
2017.04.07 15:09:07.988,1.66226,1.66249,1.00,1.00
2017.04.07 15:09:08.089,1.66229,1.66249,1.00,1.50
2017.04.07 15:09:08.241,1.66226,1.66247,1.00,1.00
2017.04.07 15:09:08.291,1.66229,1.66247,1.00,1.00
2017.04.07 15:09:08.594,1.66234,1.66247,1.00,1.00
2017.04.07 15:09:08.645,1.66234,1.66252,1.50,1.00
2017.04.07 15:09:08.797,1.66236,1.66252,1.00,1.00
2017.04.07 15:09:09.389,1.66236,1.66259,1.00,1.00
2017.04.07 15:09:10.089,1.66233,1.66259,1.50,1.00
2017.04.07 15:09:10.590,1.66233,1.6626,1.00,1.00
2017.04.07 15:09:11.138,1.6623,1.6626,1.00,1.00
2017.04.07 15:09:11.290,1.66229,1.66257,1.00,1.00
2017.04.07 15:09:11.693,1.66229,1.66259,1.00,1.00
2017.04.07 15:09:11.895,1.66228,1.66255,1.00,1.00
2017.04.07 15:09:12.306,1.66224,1.6625,1.00,1.00
2017.04.07 15:09:12.358,1.66225,1.66254,1.00,1.50
2017.04.07 15:09:12.408,1.66223,1.66251,1.00,1.00
2017.04.07 15:09:12.711,1.66219,1.66242,2.25,1.00
2017.04.07 15:09:12.929,1.66215,1.66242,1.00,1.00
2017.04.07 15:09:13.512,1.66215,1.66243,1.00,1.00
2017.04.07 15:09:13.996,1.66214,1.66241,1.00,1.00
2017.04.07 15:09:14.198,1.66209,1.66237,1.12,1.00
2017.04.07 15:09:14.721,1.66205,1.66235,1.00,1.00
2017.04.07 15:09:15.289,1.66205,1.66234,1.00,1.00
2017.04.07 15:09:15.390,1.66204,1.66232,1.50,1.00
2017.04.07 15:09:15.728,1.66203,1.66229,1.00,1.00
2017.04.07 15:09:15.779,1.66199,1.66229,1.50,1.00
2017.04.07 15:09:15.881,1.66202,1.66228,1.50,1.00
2017.04.07 15:09:16.184,1.66208,1.66234,1.00,1.00
2017.04.07 15:09:16.386,1.66208,1.66238,2.25,1.00
2017.04.07 15:09:16.940,1.66209,1.66238,1.00,1.00
2017.04.07 15:09:17.484,1.66209,1.66237,1.00,1.00
2017.04.07 15:09:18.013,1.66208,1.66236,1.00,1.00
2017.04.07 15:09:18.561,1.66206,1.66236,1.00,1.00
2017.04.07 15:09:18.611,1.66204,1.66231,1.12,1.00
2017.04.07 15:09:18.864,1.66199,1.66228,1.00,1.00
2017.04.07 15:09:18.914,1.66199,1.66226,1.00,1.00
2017.04.07 15:09:20.766,1.662,1.66226,1.00,1.00
2017.04.07 15:09:21.626,1.66199,1.66226,1.37,1.00
2017.04.07 15:09:21.863,1.66201,1.66229,1.00,1.00
2017.04.07 15:09:22.230,1.66199,1.66228,1.12,1.00
2017.04.07 15:09:22.446,1.66199,1.66226,1.12,1.00
2017.04.07 15:09:23.533,1.66198,1.66226,1.00,1.00
2017.04.07 15:09:23.713,1.66196,1.66226,1.87,1.00
2017.04.07 15:09:24.862,1.66195,1.66225,1.50,1.00
2017.04.07 15:09:25.376,1.66196,1.66226,1.00,1.00
2017.04.07 15:09:26.137,1.66196,1.66224,1.00,1.00
2017.04.07 15:09:26.439,1.66189,1.66218,1.05,1.00
2017.04.07 15:09:26.591,1.66189,1.66219,1.37,1.00
2017.04.07 15:09:26.642,1.66192,1.66222,1.00,1.00
2017.04.07 15:09:27.235,1.66193,1.66222,1.00,1.00
2017.04.07 15:09:27.286,1.66196,1.66222,1.37,1.00
2017.04.07 15:09:27.387,1.66199,1.66228,1.87,1.50
2017.04.07 15:09:27.437,1.66202,1.6623,1.00,1.00
2017.04.07 15:09:27.792,1.66206,1.66232,1.00,1.00
2017.04.07 15:09:28.044,1.66204,1.66232,1.00,1.00
2017.04.07 15:09:28.261,1.66205,1.66235,1.00,1.50
2017.04.07 15:09:28.437,1.66208,1.66235,1.00,1.00
2017.04.07 15:09:28.488,1.66208,1.66238,1.00,1.00
2017.04.07 15:09:28.741,1.66212,1.66239,1.00,1.00
2017.04.07 15:09:30.123,1.6621,1.66239,1.00,1.00
2017.04.07 15:09:30.324,1.66208,1.66238,1.00,1.00
2017.04.07 15:09:30.526,1.66204,1.66233,1.00,1.00
2017.04.07 15:09:30.829,1.66203,1.66228,1.00,1.00
2017.04.07 15:09:31.024,1.66201,1.66229,1.00,1.00
2017.04.07 15:09:31.301,1.66201,1.66231,1.00,1.50
2017.04.07 15:09:31.352,1.66203,1.66231,1.00,1.50
2017.04.07 15:09:31.768,1.66201,1.66231,1.00,1.00
2017.04.07 15:09:33.459,1.66202,1.66232,1.00,2.25
2017.04.07 15:09:33.630,1.66206,1.66232,1.00,1.00
2017.04.07 15:09:34.133,1.66207,1.66234,1.00,1.00
2017.04.07 15:09:34.234,1.66205,1.66234,1.00,1.00
2017.04.07 15:09:34.785,1.66205,1.66235,1.00,2.25
2017.04.07 15:09:34.957,1.66205,1.66231,1.00,1.00
2017.04.07 15:09:35.007,1.66205,1.66235,1.00,2.25
2017.04.07 15:09:35.168,1.66205,1.66232,1.00,1.00
2017.04.07 15:09:35.229,1.66205,1.66235,1.00,2.25
2017.04.07 15:09:35.330,1.66205,1.66232,1.00,1.00
2017.04.07 15:09:35.380,1.66203,1.66232,1.00,1.00
2017.04.07 15:09:35.914,1.66202,1.66231,1.00,1.00
2017.04.07 15:09:36.436,1.66202,1.6623,1.00,1.00
2017.04.07 15:09:36.974,1.66202,1.66231,1.00,1.50
2017.04.07 15:09:37.551,1.66201,1.66231,1.00,1.50
2017.04.07 15:09:38.865,1.66203,1.66231,1.00,1.00
2017.04.07 15:09:39.192,1.66206,1.66232,1.00,1.00
2017.04.07 15:09:41.486,1.66206,1.66233,1.00,1.00
2017.04.07 15:09:41.589,1.66213,1.66241,1.00,1.50
2017.04.07 15:09:41.955,1.66215,1.66242,1.00,1.50
2017.04.07 15:09:42.385,1.66213,1.66242,1.00,1.50
2017.04.07 15:09:42.740,1.66215,1.66241,1.00,1.00
2017.04.07 15:09:43.318,1.66219,1.66247,1.00,1.00
2017.04.07 15:09:43.369,1.66217,1.66245,1.00,1.00
2017.04.07 15:09:43.671,1.66218,1.66247,1.00,1.00
2017.04.07 15:09:43.772,1.66216,1.66246,1.00,1.00
2017.04.07 15:09:44.301,1.66215,1.66245,1.00,1.00
2017.04.07 15:09:44.453,1.66217,1.66247,1.00,1.50
2017.04.07 15:09:45.056,1.66216,1.66246,1.00,1.00
2017.04.07 15:09:45.829,1.66215,1.66245,1.00,1.00
2017.04.07 15:09:46.132,1.66213,1.66242,1.00,1.00
2017.04.07 15:09:46.665,1.66212,1.66242,1.00,1.50
2017.04.07 15:09:47.170,1.66211,1.66241,1.00,1.00
2017.04.07 15:09:47.521,1.66211,1.66239,1.00,1.50
2017.04.07 15:09:48.065,1.6621,1.66238,1.00,1.00
2017.04.07 15:09:49.629,1.6621,1.66237,1.00,1.00
2017.04.07 15:09:49.680,1.66207,1.66235,1.00,1.00
2017.04.07 15:09:49.917,1.66201,1.66231,1.00,1.00
2017.04.07 15:09:50.422,1.662,1.6623,1.00,1.00
2017.04.07 15:09:51.501,1.66201,1.66231,1.00,1.50
2017.04.07 15:09:52.550,1.66201,1.66227,1.00,1.00
2017.04.07 15:09:52.602,1.66197,1.66227,1.00,2.10
2017.04.07 15:09:52.652,1.66197,1.66224,1.00,1.00
2017.04.07 15:09:52.956,1.66202,1.66228,1.00,1.00
2017.04.07 15:09:53.491,1.66201,1.66228,1.00,1.00
2017.04.07 15:09:55.071,1.66202,1.66228,1.00,1.50
2017.04.07 15:09:55.525,1.66202,1.6623,1.00,1.00
2017.04.07 15:09:55.677,1.66203,1.66233,1.00,2.25
2017.04.07 15:09:55.878,1.66201,1.66231,1.00,1.00
2017.04.07 15:09:56.193,1.66203,1.66233,1.00,1.50
2017.04.07 15:09:57.559,1.66202,1.6623,1.00,1.00
2017.04.07 15:09:58.220,1.66201,1.66229,1.00,1.00
2017.04.07 15:10:00.472,1.66198,1.66226,1.00,1.00
2017.04.07 15:10:00.674,1.66193,1.66222,1.00,1.00
2017.04.07 15:10:01.179,1.66192,1.66222,1.00,1.00
2017.04.07 15:10:01.707,1.66192,1.6622,1.00,1.00
2017.04.07 15:10:01.909,1.6619,1.66219,1.00,1.00
2017.04.07 15:10:02.207,1.66197,1.66219,1.00,1.00
2017.04.07 15:10:02.358,1.662,1.66223,1.00,1.00
2017.04.07 15:10:02.409,1.66199,1.66226,1.00,1.00
2017.04.07 15:10:02.770,1.662,1.6623,1.00,1.50
2017.04.07 15:10:03.806,1.66202,1.66231,1.00,1.00
2017.04.07 15:10:04.109,1.66205,1.66233,1.00,1.00
2017.04.07 15:10:04.798,1.66207,1.66233,1.00,1.00
2017.04.07 15:10:04.899,1.66207,1.66236,1.00,2.25
2017.04.07 15:10:05.518,1.66207,1.66235,1.00,1.00
2017.04.07 15:10:05.820,1.66209,1.66236,1.00,1.00
2017.04.07 15:10:06.722,1.66211,1.66236,1.00,1.00
2017.04.07 15:10:07.064,1.66211,1.66239,1.00,1.50
2017.04.07 15:10:07.165,1.66213,1.66239,1.00,1.00
2017.04.07 15:10:07.266,1.6621,1.66239,1.00,1.00
2017.04.07 15:10:07.367,1.66213,1.6624,1.00,1.50
2017.04.07 15:10:07.620,1.66215,1.66244,1.00,1.00
2017.04.07 15:10:07.670,1.66217,1.66245,1.00,1.00
2017.04.07 15:10:08.211,1.6622,1.66245,1.00,1.00
2017.04.07 15:10:08.363,1.66223,1.66252,1.00,1.35
2017.04.07 15:10:08.464,1.66219,1.66247,1.00,1.00
2017.04.07 15:10:08.868,1.6622,1.6625,1.00,2.25
2017.04.07 15:10:09.382,1.66219,1.66249,1.00,1.00
2017.04.07 15:10:09.889,1.6622,1.6625,1.00,1.50
2017.04.07 15:10:10.393,1.66219,1.66249,1.00,1.50
2017.04.07 15:10:10.444,1.66217,1.66243,1.00,1.00
2017.04.07 15:10:10.645,1.66221,1.66248,1.00,1.00
2017.04.07 15:10:11.182,1.66221,1.66249,1.00,1.50
2017.04.07 15:10:11.450,1.66218,1.66248,1.00,1.50
2017.04.07 15:10:11.551,1.66215,1.66245,1.00,1.00
2017.04.07 15:10:12.045,1.66217,1.66247,1.00,1.00
2017.04.07 15:10:13.167,1.66215,1.66245,1.00,1.00
2017.04.07 15:10:13.626,1.66215,1.66243,1.00,1.00
2017.04.07 15:10:13.778,1.6621,1.6624,1.00,1.50
2017.04.07 15:10:14.284,1.66209,1.66238,1.00,1.00
2017.04.07 15:10:14.385,1.66207,1.66237,1.00,1.00
2017.04.07 15:10:15.007,1.66207,1.66236,1.00,1.00
2017.04.07 15:10:15.159,1.66202,1.6623,1.00,1.00
2017.04.07 15:10:15.361,1.66198,1.66228,1.50,1.00
2017.04.07 15:10:15.856,1.66198,1.66226,1.00,1.00
2017.04.07 15:10:16.230,1.66203,1.66226,1.50,1.00
2017.04.07 15:10:16.281,1.66209,1.66232,1.00,1.50
2017.04.07 15:10:16.382,1.66215,1.66232,1.00,1.50
2017.04.07 15:10:16.584,1.66218,1.66246,1.00,1.00
2017.04.07 15:10:16.685,1.66221,1.66246,1.00,1.00
2017.04.07 15:10:16.887,1.66217,1.66246,1.00,1.00
2017.04.07 15:10:16.938,1.66217,1.66245,1.00,1.70
2017.04.07 15:10:17.424,1.66215,1.66243,1.00,1.00
2017.04.07 15:10:18.083,1.66213,1.66243,1.00,1.00
2017.04.07 15:10:18.134,1.66214,1.66243,1.09,1.00
2017.04.07 15:10:18.185,1.66219,1.66248,1.00,1.50
2017.04.07 15:10:18.286,1.66222,1.66248,1.00,1.00
2017.04.07 15:10:18.825,1.66221,1.66248,1.00,1.00
2017.04.07 15:10:19.334,1.66222,1.66248,1.00,1.00
2017.04.07 15:10:19.839,1.66221,1.66248,1.00,1.00
2017.04.07 15:10:20.400,1.66221,1.66247,1.00,1.00
2017.04.07 15:10:21.079,1.66221,1.66248,1.00,1.00
2017.04.07 15:10:21.891,1.66221,1.66247,1.00,1.00
2017.04.07 15:10:22.883,1.66221,1.66248,1.00,1.00
2017.04.07 15:10:23.491,1.66221,1.66247,1.00,1.00
2017.04.07 15:10:24.015,1.66221,1.66248,1.00,1.00
2017.04.07 15:10:26.076,1.66218,1.66248,1.12,1.50
2017.04.07 15:10:26.392,1.66221,1.66247,1.00,1.00
2017.04.07 15:10:26.644,1.66213,1.66242,1.00,1.00
2017.04.07 15:10:27.190,1.66214,1.66244,1.00,1.50
2017.04.07 15:10:27.500,1.66213,1.6624,1.00,1.00
2017.04.07 15:10:28.297,1.66213,1.66239,1.00,1.00
2017.04.07 15:10:28.716,1.66211,1.66239,1.50,1.00
2017.04.07 15:10:29.383,1.6621,1.66238,1.00,1.50
2017.04.07 15:10:29.686,1.66211,1.66241,1.00,1.00
2017.04.07 15:10:29.960,1.66209,1.66239,1.00,1.00
2017.04.07 15:10:30.467,1.66207,1.66238,1.00,1.50
2017.04.07 15:10:30.989,1.66206,1.66238,2.25,1.50
2017.04.07 15:10:31.357,1.66206,1.66236,2.25,1.00
2017.04.07 15:10:31.660,1.66209,1.66236,1.00,1.00
2017.04.07 15:10:31.870,1.66206,1.66236,1.50,1.00
2017.04.07 15:10:34.515,1.66207,1.66236,1.00,1.00
2017.04.07 15:10:35.020,1.66206,1.66236,1.50,1.00
2017.04.07 15:10:36.886,1.66207,1.66236,1.00,1.00
2017.04.07 15:10:37.429,1.66208,1.66236,1.00,1.00
2017.04.07 15:10:37.768,1.66206,1.66236,1.12,1.00
2017.04.07 15:10:41.532,1.66206,1.66236,1.87,1.00
2017.04.07 15:10:42.098,1.66206,1.66236,1.12,1.00
2017.04.07 15:10:42.502,1.66202,1.66232,2.25,1.00
2017.04.07 15:10:42.804,1.66196,1.66226,1.50,1.00
2017.04.07 15:10:43.107,1.66198,1.66226,1.00,1.00
2017.04.07 15:10:43.485,1.66196,1.66226,1.50,1.00
2017.04.07 15:10:43.756,1.66197,1.66224,1.00,1.00
2017.04.07 15:10:44.360,1.66196,1.66224,1.50,1.00
2017.04.07 15:10:44.662,1.66199,1.66227,1.00,1.00
2017.04.07 15:10:45.210,1.66199,1.66228,1.50,1.00
2017.04.07 15:10:45.519,1.66199,1.66226,1.00,1.00
2017.04.07 15:10:46.059,1.66198,1.66226,1.00,1.00
2017.04.07 15:10:46.689,1.66197,1.66228,1.87,1.00
2017.04.07 15:10:47.509,1.66197,1.66228,1.12,1.00
2017.04.07 15:10:49.240,1.662,1.66229,1.00,1.00
2017.04.07 15:10:49.341,1.66198,1.66229,1.00,1.00
2017.04.07 15:10:50.728,1.66199,1.6623,1.00,1.00
2017.04.07 15:10:52.318,1.66204,1.6623,1.12,1.00
2017.04.07 15:10:52.470,1.66207,1.66239,1.34,2.25
2017.04.07 15:10:52.722,1.6621,1.66239,1.00,1.00
2017.04.07 15:10:53.027,1.66223,1.66247,1.00,1.00
2017.04.07 15:10:53.230,1.66224,1.66254,1.00,1.12
2017.04.07 15:10:53.331,1.66226,1.66254,1.00,1.00
2017.04.07 15:10:53.836,1.66225,1.66255,1.00,1.00
2017.04.07 15:10:54.142,1.66229,1.66255,1.00,1.00
2017.04.07 15:10:54.637,1.66229,1.66258,1.00,1.00
2017.04.07 15:10:54.838,1.66225,1.66256,1.00,1.00
2017.04.07 15:10:55.141,1.66222,1.66251,1.50,1.00
2017.04.07 15:10:55.578,1.66229,1.66256,1.00,1.50
2017.04.07 15:10:55.633,1.66231,1.66261,1.12,1.50
2017.04.07 15:10:55.737,1.66234,1.66261,1.00,1.00
2017.04.07 15:10:55.787,1.66234,1.66265,1.00,1.50
2017.04.07 15:10:55.939,1.66233,1.66261,1.00,1.00
2017.04.07 15:10:56.141,1.6623,1.66261,1.00,1.00
2017.04.07 15:10:56.747,1.6623,1.66259,1.50,1.00
2017.04.07 15:10:57.280,1.66231,1.6626,1.00,1.00
2017.04.07 15:10:57.920,1.66227,1.66256,1.00,1.50
2017.04.07 15:10:58.021,1.66224,1.66254,1.00,1.00
2017.04.07 15:10:58.537,1.66225,1.66256,1.00,1.50
2017.04.07 15:10:59.107,1.66226,1.66257,1.00,1.50
2017.04.07 15:10:59.647,1.66222,1.66253,1.50,1.00
2017.04.07 15:11:00.148,1.66221,1.66252,1.00,1.00
2017.04.07 15:11:00.512,1.66223,1.66252,1.00,1.00
2017.04.07 15:11:00.744,1.66221,1.66252,1.00,1.00
2017.04.07 15:11:01.366,1.66223,1.66252,1.00,1.00
2017.04.07 15:11:01.424,1.66223,1.66254,1.00,1.00
2017.04.07 15:11:01.676,1.66226,1.66253,1.00,1.00
2017.04.07 15:11:01.727,1.6623,1.66259,1.00,1.00
2017.04.07 15:11:01.828,1.66232,1.66261,1.00,1.50
2017.04.07 15:11:02.131,1.66235,1.66266,1.12,3.67
2017.04.07 15:11:02.433,1.66233,1.66264,1.00,1.50
2017.04.07 15:11:02.552,1.66234,1.6626,1.00,1.00
2017.04.07 15:11:02.700,1.66231,1.6626,2.25,1.00
2017.04.07 15:11:02.750,1.66231,1.66257,1.00,1.00
2017.04.07 15:11:02.851,1.66231,1.6626,1.50,1.00
2017.04.07 15:11:03.600,1.66232,1.6626,1.00,2.85
2017.04.07 15:11:03.651,1.66232,1.66256,1.00,1.00
2017.04.07 15:11:03.853,1.66224,1.66253,1.00,1.00
2017.04.07 15:11:04.236,1.66225,1.66256,1.00,1.50
2017.04.07 15:11:04.840,1.66229,1.66257,1.00,1.00
2017.04.07 15:11:05.092,1.66232,1.66261,1.00,1.00
2017.04.07 15:11:05.457,1.66234,1.66265,1.00,1.00
2017.04.07 15:11:06.414,1.66233,1.66265,1.00,1.50
2017.04.07 15:11:06.784,1.66234,1.66263,1.00,1.00
2017.04.07 15:11:07.036,1.66225,1.66256,1.50,1.00
2017.04.07 15:11:07.137,1.66224,1.66253,1.00,1.00
2017.04.07 15:11:07.440,1.66234,1.66261,1.00,1.00
2017.04.07 15:11:07.491,1.66234,1.66264,1.00,1.00
2017.04.07 15:11:07.844,1.66234,1.66266,1.00,1.00
2017.04.07 15:11:08.046,1.6623,1.66261,1.50,1.00
2017.04.07 15:11:08.585,1.66232,1.6626,1.12,1.00
2017.04.07 15:11:08.687,1.66234,1.66263,1.12,1.00
2017.04.07 15:11:08.788,1.66235,1.66265,1.00,1.00
2017.04.07 15:11:09.316,1.66235,1.66266,1.00,1.00
2017.04.07 15:11:09.785,1.66233,1.66264,1.00,1.00
2017.04.07 15:11:10.616,1.66232,1.66263,3.00,1.00
2017.04.07 15:11:10.817,1.66236,1.66267,1.00,1.50
2017.04.07 15:11:11.038,1.66238,1.66266,1.00,1.00
2017.04.07 15:11:11.562,1.66238,1.66267,1.00,1.50
2017.04.07 15:11:12.415,1.66238,1.66266,1.00,1.00
2017.04.07 15:11:12.917,1.66235,1.66266,1.00,1.00
2017.04.07 15:11:13.256,1.66232,1.66261,1.00,1.00
2017.04.07 15:11:13.595,1.66239,1.66269,1.50,1.00
2017.04.07 15:11:13.898,1.66237,1.66266,1.50,1.00
2017.04.07 15:11:14.150,1.66235,1.66266,1.00,1.50
2017.04.07 15:11:14.788,1.66234,1.66266,1.00,1.00
2017.04.07 15:11:15.404,1.66235,1.66266,1.00,1.00
2017.04.07 15:11:15.606,1.66237,1.66266,1.00,1.00
2017.04.07 15:11:15.757,1.66239,1.6627,1.00,2.10
2017.04.07 15:11:15.959,1.66235,1.66267,1.00,1.00
2017.04.07 15:11:16.161,1.66236,1.66265,1.00,1.00
2017.04.07 15:11:16.432,1.66232,1.66263,1.00,1.00
2017.04.07 15:11:16.964,1.66231,1.66262,1.50,1.00
2017.04.07 15:11:17.166,1.66229,1.66261,1.50,1.00
2017.04.07 15:11:17.570,1.6623,1.66259,1.00,1.00
2017.04.07 15:11:17.880,1.66227,1.66258,1.00,1.00
2017.04.07 15:11:17.931,1.66227,1.66256,1.00,1.00
2017.04.07 15:11:18.334,1.66229,1.66258,1.00,1.00
2017.04.07 15:11:18.765,1.66227,1.66258,1.00,1.00
2017.04.07 15:11:19.076,1.66229,1.6626,1.00,1.00
2017.04.07 15:11:19.570,1.66227,1.66259,1.00,1.00
2017.04.07 15:11:19.727,1.66228,1.66257,1.00,1.00
2017.04.07 15:11:20.146,1.66226,1.66256,1.00,1.00
2017.04.07 15:11:20.247,1.66223,1.66253,1.00,1.00
2017.04.07 15:11:20.348,1.66221,1.66253,1.50,1.00
2017.04.07 15:11:20.653,1.66221,1.6625,1.00,1.00
2017.04.07 15:11:21.161,1.66222,1.6625,1.00,1.00
2017.04.07 15:11:21.679,1.66222,1.66254,1.50,1.00
2017.04.07 15:11:22.183,1.66222,1.66253,1.00,1.00
2017.04.07 15:11:22.689,1.66223,1.66252,1.50,1.00
2017.04.07 15:11:22.791,1.66226,1.66252,1.00,1.00
2017.04.07 15:11:22.988,1.66226,1.66254,1.00,1.00
2017.04.07 15:11:23.240,1.66226,1.66257,1.00,1.00
2017.04.07 15:11:23.470,1.66228,1.66256,1.00,1.00
2017.04.07 15:11:23.974,1.66229,1.66257,1.00,1.00
2017.04.07 15:11:24.549,1.66231,1.66257,1.00,1.00
2017.04.07 15:11:24.600,1.6623,1.6626,1.50,1.00
2017.04.07 15:11:24.650,1.66232,1.6626,1.00,1.00
2017.04.07 15:11:25.256,1.6623,1.66261,1.50,1.50
2017.04.07 15:11:25.795,1.66231,1.66261,1.00,1.50
2017.04.07 15:11:26.341,1.66231,1.6626,1.00,1.00
2017.04.07 15:11:26.543,1.66234,1.66261,1.00,1.00
2017.04.07 15:11:27.083,1.66231,1.66261,1.87,1.00
2017.04.07 15:11:27.285,1.66233,1.66261,1.00,1.00
2017.04.07 15:11:27.650,1.66233,1.66261,2.25,1.00
2017.04.07 15:11:27.701,1.66234,1.66265,1.37,1.50
2017.04.07 15:11:28.543,1.66236,1.66264,1.37,1.00
2017.04.07 15:11:28.644,1.66234,1.66265,1.00,1.00
2017.04.07 15:11:28.745,1.66237,1.66265,1.00,1.00
2017.04.07 15:11:28.896,1.66239,1.66269,1.00,1.00
2017.04.07 15:11:29.485,1.6624,1.66268,1.00,1.00
2017.04.07 15:11:30.015,1.66239,1.66269,1.00,1.00
2017.04.07 15:11:30.066,1.66241,1.66269,1.00,1.00
2017.04.07 15:11:30.294,1.66234,1.66264,1.00,1.50
2017.04.07 15:11:30.743,1.66232,1.66264,1.50,1.50
2017.04.07 15:11:30.844,1.66232,1.66261,1.50,1.00
2017.04.07 15:11:31.046,1.66233,1.66263,1.00,1.50
2017.04.07 15:11:32.145,1.66233,1.66264,1.00,1.00
2017.04.07 15:11:33.149,1.66233,1.66263,1.00,1.00
2017.04.07 15:11:33.844,1.66233,1.66264,1.00,1.50
2017.04.07 15:11:34.156,1.66233,1.66261,1.00,1.00
2017.04.07 15:11:35.546,1.66234,1.66261,1.00,1.00
2017.04.07 15:11:37.121,1.66232,1.66261,1.00,1.00
2017.04.07 15:11:37.627,1.66233,1.66261,1.00,1.00
2017.04.07 15:11:37.998,1.66231,1.66261,1.00,2.25
2017.04.07 15:11:38.050,1.66231,1.66252,1.00,1.00
2017.04.07 15:11:38.101,1.66226,1.66253,1.00,1.50
2017.04.07 15:11:38.186,1.66221,1.6625,1.50,1.00
2017.04.07 15:11:38.287,1.66221,1.66253,1.00,1.50
2017.04.07 15:11:38.809,1.66222,1.66252,1.00,1.00
2017.04.07 15:11:39.400,1.6622,1.66252,1.50,1.50
2017.04.07 15:11:39.520,1.6622,1.66249,1.00,1.00
2017.04.07 15:11:39.855,1.6622,1.66247,1.00,1.00
2017.04.07 15:11:40.057,1.6622,1.6625,1.00,1.00
2017.04.07 15:11:40.210,1.66218,1.6625,2.25,1.00
2017.04.07 15:11:40.714,1.66219,1.6625,1.00,1.00
2017.04.07 15:11:41.132,1.66223,1.6625,1.00,1.00
2017.04.07 15:11:41.283,1.66219,1.6625,1.00,1.00
2017.04.07 15:11:41.384,1.6622,1.66252,1.00,1.50
2017.04.07 15:11:42.430,1.66223,1.66252,1.00,1.00
2017.04.07 15:11:43.868,1.66223,1.66253,2.25,1.00
2017.04.07 15:11:43.970,1.66227,1.66259,1.50,1.00
2017.04.07 15:11:44.570,1.66226,1.66258,1.50,1.00
2017.04.07 15:11:44.620,1.66228,1.66258,1.00,1.00
2017.04.07 15:11:45.154,1.66229,1.66258,1.00,1.00
2017.04.07 15:11:45.204,1.6623,1.66261,1.00,1.00
2017.04.07 15:11:45.507,1.66233,1.66262,1.00,1.50
2017.04.07 15:11:46.174,1.66232,1.66262,1.00,1.00
2017.04.07 15:11:46.774,1.66232,1.66263,1.00,1.00
2017.04.07 15:11:47.279,1.66232,1.66262,1.00,1.00
2017.04.07 15:11:47.887,1.66232,1.66263,1.00,1.00
2017.04.07 15:11:49.902,1.66232,1.66264,1.87,1.00
2017.04.07 15:11:50.204,1.66234,1.66263,1.00,1.00
2017.04.07 15:11:52.003,1.66235,1.66265,1.12,1.00
2017.04.07 15:11:52.104,1.6624,1.66265,1.00,1.00
2017.04.07 15:11:52.306,1.66247,1.66273,1.00,1.00
2017.04.07 15:11:52.357,1.66247,1.66278,1.00,1.00
2017.04.07 15:11:52.860,1.66248,1.66277,1.00,1.00
2017.04.07 15:11:53.734,1.66243,1.66274,1.00,1.00
2017.04.07 15:11:53.835,1.66243,1.66271,1.00,1.00
2017.04.07 15:11:53.886,1.6624,1.6627,1.00,1.00
2017.04.07 15:11:54.281,1.66241,1.66272,1.00,1.00
2017.04.07 15:11:54.898,1.66243,1.66272,1.00,1.00
2017.04.07 15:11:54.999,1.66243,1.66274,1.00,1.00
2017.04.07 15:11:55.302,1.66245,1.66274,1.00,1.00
2017.04.07 15:11:55.912,1.66243,1.66274,1.00,1.50
2017.04.07 15:12:00.506,1.66244,1.66274,1.00,1.00
2017.04.07 15:12:00.556,1.66248,1.66274,1.00,1.50
2017.04.07 15:12:00.607,1.66251,1.66279,1.00,1.50
2017.04.07 15:12:00.840,1.66253,1.66285,1.00,1.00
2017.04.07 15:12:01.457,1.66254,1.66285,1.00,1.00
2017.04.07 15:12:01.968,1.66254,1.66286,1.00,1.50
2017.04.07 15:12:02.502,1.66255,1.66285,1.00,1.00
2017.04.07 15:12:02.756,1.66256,1.66288,1.00,1.00
2017.04.07 15:12:02.806,1.66254,1.66286,1.50,1.00
2017.04.07 15:12:03.138,1.66255,1.66284,1.00,1.00
