2015.05.14 20:00:00.321,1.89223,1.89253,1.00,1.00
2015.05.14 20:00:00.423,1.89223,1.89255,1.00,1.00
2015.05.14 20:00:00.571,1.89223,1.89252,1.00,1.00
2015.05.14 20:00:00.622,1.89223,1.89255,1.00,1.00
2015.05.14 20:00:00.673,1.89218,1.89255,1.00,1.00
2015.05.14 20:00:01.214,1.89219,1.89255,1.00,1.00
2015.05.14 20:00:01.448,1.89224,1.89255,1.00,1.00
2015.05.14 20:00:01.952,1.89223,1.89255,1.00,1.00
2015.05.14 20:00:02.449,1.89218,1.89256,1.00,1.00
2015.05.14 20:00:02.752,1.89223,1.89256,1.00,1.00
2015.05.14 20:00:03.414,1.89218,1.89256,1.00,1.00
2015.05.14 20:00:03.465,1.89218,1.89252,1.00,1.00
2015.05.14 20:00:03.868,1.89218,1.89255,1.00,1.00
2015.05.14 20:00:04.032,1.89218,1.89253,1.00,1.00
2015.05.14 20:00:04.082,1.89214,1.89253,1.00,1.00
2015.05.14 20:00:04.183,1.89214,1.89248,1.00,1.00
2015.05.14 20:00:04.284,1.89213,1.89251,1.00,1.00
2015.05.14 20:00:04.435,1.89213,1.89248,1.00,1.00
2015.05.14 20:00:05.151,1.89214,1.89248,1.00,1.00
2015.05.14 20:00:05.481,1.89208,1.89248,1.00,1.00
2015.05.14 20:00:05.533,1.89208,1.89243,1.00,1.00
2015.05.14 20:00:05.685,1.89204,1.89246,1.00,1.00
2015.05.14 20:00:05.786,1.89204,1.89242,1.00,1.50
2015.05.14 20:00:06.038,1.89193,1.89233,1.00,1.00
2015.05.14 20:00:06.577,1.89194,1.89233,1.00,1.00
2015.05.14 20:00:07.160,1.89193,1.89233,1.00,1.00
2015.05.14 20:00:11.286,1.89193,1.89235,1.00,1.00
2015.05.14 20:00:11.839,1.89193,1.8924,1.00,1.00
2015.05.14 20:00:12.343,1.89194,1.8924,1.00,1.00
2015.05.14 20:00:14.171,1.89199,1.8924,1.00,1.00
2015.05.14 20:00:14.552,1.89193,1.8924,1.00,1.00
2015.05.14 20:00:14.603,1.89194,1.89242,1.00,1.00
2015.05.14 20:00:14.829,1.89198,1.89245,1.00,1.00
2015.05.14 20:00:15.316,1.89213,1.89245,1.00,2.25
2015.05.14 20:00:15.417,1.89213,1.89247,1.00,1.00
2015.05.14 20:00:15.518,1.89213,1.89251,1.00,1.00
2015.05.14 20:00:15.619,1.89205,1.89242,1.00,1.00
2015.05.14 20:00:15.670,1.89197,1.89242,1.00,1.00
2015.05.14 20:00:15.771,1.89202,1.89242,1.00,1.00
2015.05.14 20:00:18.589,1.89204,1.89246,1.00,1.00
2015.05.14 20:00:19.245,1.89209,1.89247,1.00,1.00
2015.05.14 20:00:19.580,1.89208,1.89245,1.00,1.00
2015.05.14 20:00:25.029,1.89208,1.8925,1.00,1.00
2015.05.14 20:00:25.554,1.89208,1.89247,1.00,1.00
2015.05.14 20:00:27.925,1.89203,1.89247,1.00,1.50
2015.05.14 20:00:32.585,1.89204,1.89246,1.00,1.00
2015.05.14 20:00:33.090,1.89203,1.89247,1.00,1.50
2015.05.14 20:00:33.644,1.89204,1.89246,1.00,1.00
2015.05.14 20:00:35.306,1.89208,1.89247,1.00,1.00
2015.05.14 20:00:39.385,1.89209,1.89247,1.00,1.00
2015.05.14 20:00:41.053,1.89203,1.89247,1.00,1.50
2015.05.14 20:00:41.262,1.89208,1.89247,1.00,1.00
2015.05.14 20:00:44.730,1.89208,1.8925,1.00,1.00
2015.05.14 20:00:53.488,1.89209,1.89255,1.00,1.00
2015.05.14 20:00:53.690,1.89213,1.89255,1.00,1.00
2015.05.14 20:00:56.201,1.89213,1.89253,1.00,1.00
2015.05.14 20:00:57.290,1.8921,1.89253,1.00,1.00
2015.05.14 20:00:57.441,1.89214,1.89253,1.00,1.00
2015.05.14 20:00:59.186,1.89213,1.89253,1.00,1.00
2015.05.14 20:00:59.818,1.8921,1.89253,1.00,1.00
2015.05.14 20:01:00.595,1.89213,1.89253,1.00,1.00
2015.05.14 20:01:00.848,1.8921,1.89253,1.00,1.00
2015.05.14 20:01:03.365,1.89215,1.89255,1.00,1.00
2015.05.14 20:01:03.990,1.89217,1.89259,1.00,1.00
2015.05.14 20:01:06.543,1.89218,1.89259,1.00,1.00
2015.05.14 20:01:06.797,1.89221,1.89262,1.00,1.00
2015.05.14 20:01:07.132,1.89228,1.89262,1.00,1.00
2015.05.14 20:01:07.334,1.89228,1.89267,1.00,1.00
2015.05.14 20:01:07.435,1.89228,1.8927,1.00,1.00
2015.05.14 20:01:07.962,1.89229,1.8927,1.00,1.00
2015.05.14 20:01:09.316,1.89228,1.8927,1.00,1.00
2015.05.14 20:01:09.975,1.8923,1.89272,1.00,1.00
2015.05.14 20:01:14.606,1.8923,1.89267,1.00,1.00
2015.05.14 20:01:14.707,1.8923,1.89271,1.00,1.00
2015.05.14 20:01:16.098,1.8923,1.89272,1.00,1.00
2015.05.14 20:01:16.772,1.8923,1.89271,1.00,1.00
2015.05.14 20:01:17.528,1.8923,1.89272,1.00,1.00
2015.05.14 20:01:18.299,1.8923,1.89271,1.00,1.00
2015.05.14 20:01:20.100,1.8923,1.89272,1.00,1.00
2015.05.14 20:01:22.067,1.89228,1.89268,1.50,1.00
2015.05.14 20:01:22.698,1.89229,1.89268,1.00,1.00
2015.05.14 20:01:22.914,1.8923,1.89271,1.00,1.00
2015.05.14 20:01:22.965,1.89233,1.89273,1.00,1.00
2015.05.14 20:01:23.268,1.89244,1.89282,1.00,1.00
2015.05.14 20:01:23.570,1.89253,1.89286,1.00,1.00
2015.05.14 20:01:23.690,1.89248,1.89286,1.00,1.00
2015.05.14 20:01:24.789,1.89249,1.89286,1.00,1.00
2015.05.14 20:01:28.825,1.89244,1.89286,1.00,1.00
2015.05.14 20:01:29.102,1.89249,1.89286,1.00,1.00
2015.05.14 20:01:29.854,1.89244,1.89286,1.00,1.00
2015.05.14 20:01:31.316,1.89248,1.89286,1.00,1.00
2015.05.14 20:01:31.706,1.89248,1.89291,1.50,1.00
2015.05.14 20:01:33.699,1.89245,1.89288,1.00,1.00
2015.05.14 20:01:34.585,1.89245,1.89286,1.00,1.00
2015.05.14 20:01:36.027,1.89245,1.89288,1.00,1.00
2015.05.14 20:01:36.128,1.89245,1.89281,1.00,1.00
2015.05.14 20:01:36.639,1.89245,1.89282,1.00,1.00
2015.05.14 20:01:36.791,1.89245,1.89287,1.00,1.00
2015.05.14 20:01:37.385,1.89248,1.89285,1.00,1.00
2015.05.14 20:01:40.230,1.89245,1.89282,1.00,1.00
2015.05.14 20:01:40.532,1.89243,1.89278,1.00,1.00
2015.05.14 20:01:41.319,1.89239,1.89276,1.00,1.00
2015.05.14 20:01:41.887,1.89238,1.89278,1.00,1.00
2015.05.14 20:01:41.989,1.89236,1.89278,1.00,1.00
2015.05.14 20:01:42.090,1.89248,1.89278,1.00,1.00
2015.05.14 20:01:42.292,1.89236,1.89278,1.00,1.00
2015.05.14 20:01:43.424,1.89238,1.89278,1.00,1.00
2015.05.14 20:01:43.818,1.89236,1.89278,1.00,1.00
2015.05.14 20:01:45.170,1.8924,1.89275,1.00,1.00
2015.05.14 20:02:03.207,1.89243,1.89275,1.00,1.00
2015.05.14 20:02:03.532,1.89248,1.89275,1.00,1.00
2015.05.14 20:02:04.324,1.89243,1.89275,1.00,1.00
2015.05.14 20:02:05.149,1.89258,1.89275,1.00,1.00
2015.05.14 20:02:05.200,1.89258,1.89279,1.00,1.00
2015.05.14 20:02:05.301,1.89244,1.89279,1.00,1.00
2015.05.14 20:02:05.855,1.89243,1.89279,1.50,1.00
2015.05.14 20:02:07.094,1.89242,1.89279,1.00,1.00
2015.05.14 20:02:07.246,1.89245,1.89279,1.00,1.00
2015.05.14 20:02:07.297,1.89246,1.89283,1.00,1.00
2015.05.14 20:02:08.789,1.89249,1.89283,1.00,1.00
2015.05.14 20:02:11.331,1.89248,1.89283,1.00,1.00
2015.05.14 20:02:11.874,1.89249,1.89283,1.00,1.00
2015.05.14 20:02:12.342,1.89246,1.89283,1.00,1.00
2015.05.14 20:02:15.315,1.89248,1.89283,1.00,1.00
2015.05.14 20:02:25.838,1.89249,1.89283,1.00,1.00
2015.05.14 20:02:28.468,1.89248,1.89283,1.00,1.00
2015.05.14 20:02:28.896,1.8925,1.89285,1.00,1.00
2015.05.14 20:02:29.200,1.89258,1.89294,1.00,1.00
2015.05.14 20:02:29.357,1.89268,1.89294,1.00,1.00
2015.05.14 20:02:29.555,1.89268,1.89297,1.00,1.00
2015.05.14 20:02:31.820,1.89268,1.89294,1.00,1.00
2015.05.14 20:02:33.578,1.89273,1.89294,1.00,1.00
2015.05.14 20:02:34.554,1.89273,1.89296,1.00,1.00
2015.05.14 20:02:34.645,1.89278,1.89296,1.00,1.00
2015.05.14 20:02:42.125,1.89273,1.89296,1.00,1.00
2015.05.14 20:02:43.028,1.89274,1.89296,1.00,1.00
2015.05.14 20:02:43.243,1.89279,1.89296,1.00,1.00
2015.05.14 20:02:43.770,1.89278,1.89296,1.00,1.00
2015.05.14 20:02:44.674,1.89268,1.89296,1.00,1.00
2015.05.14 20:02:46.521,1.89264,1.89296,1.00,1.00
2015.05.14 20:02:46.788,1.89268,1.89296,1.00,1.00
2015.05.14 20:02:47.407,1.89269,1.89296,1.00,1.00
2015.05.14 20:02:47.946,1.89268,1.89296,1.00,1.00
2015.05.14 20:02:49.875,1.89269,1.89296,1.00,1.00
2015.05.14 20:02:51.558,1.89268,1.89296,1.00,1.00
2015.05.14 20:02:54.106,1.89269,1.89296,1.00,1.00
2015.05.14 20:02:54.611,1.89268,1.89296,1.00,1.00
2015.05.14 20:02:56.334,1.89263,1.89296,1.00,1.00
2015.05.14 20:03:00.089,1.89263,1.89294,1.00,1.00
2015.05.14 20:03:00.406,1.89268,1.89294,1.00,1.00
2015.05.14 20:03:00.728,1.89263,1.89294,1.00,1.00
2015.05.14 20:03:00.890,1.89268,1.89294,1.00,1.00
2015.05.14 20:03:01.578,1.89263,1.89294,1.00,1.00
2015.05.14 20:03:01.628,1.89263,1.8929,1.00,1.00
2015.05.14 20:03:02.475,1.89268,1.8929,1.00,1.00
2015.05.14 20:03:02.576,1.89258,1.8929,1.00,1.00
2015.05.14 20:03:07.877,1.89274,1.8929,1.00,1.00
2015.05.14 20:03:07.928,1.89274,1.89293,1.00,1.00
2015.05.14 20:03:07.979,1.89274,1.89296,1.00,1.00
2015.05.14 20:03:08.081,1.89263,1.893,1.50,1.00
2015.05.14 20:03:11.799,1.89264,1.893,1.00,1.00
2015.05.14 20:03:12.807,1.89263,1.893,1.00,1.00
2015.05.14 20:03:13.386,1.89263,1.89297,1.00,1.00
2015.05.14 20:03:13.688,1.89263,1.89292,1.00,1.00
2015.05.14 20:03:13.789,1.89254,1.89285,1.00,1.00
2015.05.14 20:03:13.891,1.89249,1.89285,1.50,1.00
2015.05.14 20:03:15.316,1.89263,1.89285,1.00,1.00
2015.05.14 20:03:24.378,1.89268,1.89285,1.00,1.00
2015.05.14 20:03:25.107,1.89263,1.89285,1.00,1.00
2015.05.14 20:03:26.581,1.89268,1.89285,1.00,1.00
2015.05.14 20:03:30.606,1.89263,1.89285,1.00,1.00
2015.05.14 20:03:32.191,1.89264,1.89285,1.00,1.00
2015.05.14 20:03:35.775,1.89263,1.89285,1.00,1.00
2015.05.14 20:03:40.656,1.89269,1.89285,1.00,1.00
2015.05.14 20:03:41.096,1.89263,1.89285,1.00,1.00
2015.05.14 20:03:41.634,1.89259,1.89285,1.00,1.00
2015.05.14 20:03:42.817,1.89253,1.89285,1.50,1.00
2015.05.14 20:03:50.095,1.89254,1.89285,1.00,1.00
2015.05.14 20:03:52.826,1.89253,1.89285,1.00,1.00
2015.05.14 20:04:00.264,1.89251,1.89285,1.00,1.00
2015.05.14 20:04:01.756,1.89251,1.89281,1.00,1.00
2015.05.14 20:04:08.578,1.89248,1.89281,1.00,1.00
2015.05.14 20:04:08.932,1.89248,1.89277,1.00,1.00
2015.05.14 20:04:09.456,1.89247,1.89277,1.00,1.00
2015.05.14 20:04:09.507,1.89243,1.89277,1.00,1.00
2015.05.14 20:04:09.558,1.89241,1.89277,1.00,1.00
2015.05.14 20:04:09.810,1.89243,1.89277,1.00,1.00
2015.05.14 20:04:13.844,1.8924,1.89277,1.00,1.00
2015.05.14 20:04:13.895,1.89238,1.89273,1.12,1.00
2015.05.14 20:04:17.130,1.89238,1.89267,1.00,1.00
2015.05.14 20:04:17.379,1.89233,1.89265,1.50,1.50
2015.05.14 20:04:17.530,1.89233,1.89262,1.00,1.00
2015.05.14 20:04:17.581,1.89227,1.89257,1.00,1.84
2015.05.14 20:04:17.632,1.89224,1.89257,1.00,1.84
2015.05.14 20:04:17.934,1.89213,1.89245,1.00,1.84
2015.05.14 20:04:18.361,1.89207,1.89239,1.00,1.84
2015.05.14 20:04:18.412,1.89205,1.89239,1.50,1.84
2015.05.14 20:04:18.513,1.89203,1.89238,1.00,1.00
2015.05.14 20:04:18.716,1.89204,1.89236,1.00,1.00
2015.05.14 20:04:19.064,1.89206,1.89237,1.00,1.00
2015.05.14 20:04:19.395,1.89206,1.89234,1.00,1.84
2015.05.14 20:04:25.935,1.89202,1.89234,1.50,1.84
2015.05.14 20:04:29.377,1.89202,1.89236,1.00,1.34
2015.05.14 20:04:30.994,1.89204,1.89236,1.00,1.34
2015.05.14 20:04:33.138,1.89203,1.89236,1.00,1.34
2015.05.14 20:04:33.410,1.89203,1.89242,1.00,1.00
2015.05.14 20:04:33.460,1.89207,1.89242,1.00,1.00
2015.05.14 20:04:33.813,1.89209,1.89242,1.00,1.00
2015.05.14 20:04:33.864,1.89209,1.89251,1.50,1.00
2015.05.14 20:04:33.965,1.89213,1.89251,1.00,1.00
2015.05.14 20:04:34.318,1.89213,1.89247,1.00,1.00
2015.05.14 20:04:35.017,1.89216,1.89247,1.00,1.00
2015.05.14 20:04:35.614,1.89216,1.89246,1.00,1.00
2015.05.14 20:04:37.857,1.89216,1.89252,1.00,1.00
2015.05.14 20:04:45.226,1.89216,1.89242,1.00,1.00
2015.05.14 20:04:45.342,1.89216,1.89247,1.00,1.00
2015.05.14 20:04:46.177,1.89216,1.89252,1.00,1.00
2015.05.14 20:04:46.633,1.89216,1.89257,1.00,1.00
2015.05.14 20:04:46.684,1.89213,1.89253,1.00,1.00
2015.05.14 20:04:47.018,1.89211,1.89247,1.00,1.00
2015.05.14 20:04:47.220,1.89208,1.89247,1.00,1.00
2015.05.14 20:04:47.321,1.89209,1.89251,1.00,1.00
2015.05.14 20:04:47.523,1.89212,1.89255,1.00,1.00
2015.05.14 20:04:47.574,1.89215,1.89258,1.00,1.00
2015.05.14 20:04:47.903,1.89209,1.89251,1.00,1.00
2015.05.14 20:04:48.206,1.89214,1.89255,1.00,1.00
2015.05.14 20:04:50.923,1.89214,1.89247,1.00,1.00
2015.05.14 20:04:51.024,1.89213,1.89252,1.00,1.00
2015.05.14 20:04:51.226,1.89209,1.89251,1.00,1.00
2015.05.14 20:04:51.579,1.89209,1.89247,1.00,1.00
2015.05.14 20:04:51.803,1.89209,1.89251,1.00,1.00
2015.05.14 20:04:51.955,1.89212,1.89254,1.00,1.00
2015.05.14 20:04:52.258,1.89216,1.89257,1.00,1.00
2015.05.14 20:04:52.795,1.89216,1.89256,1.00,1.00
2015.05.14 20:04:53.130,1.89216,1.89259,1.00,1.00
2015.05.14 20:04:53.879,1.89216,1.89257,1.00,1.00
2015.05.14 20:04:55.431,1.89216,1.89252,1.00,1.00
2015.05.14 20:04:55.532,1.89216,1.89257,1.00,1.00
2015.05.14 20:04:55.599,1.89213,1.89254,1.00,1.00
2015.05.14 20:04:56.734,1.89216,1.89258,1.00,1.00
2015.05.14 20:04:58.643,1.89216,1.89257,1.00,1.00
2015.05.14 20:04:59.160,1.89216,1.89256,1.00,1.00
2015.05.14 20:04:59.930,1.89216,1.89257,1.00,1.00
2015.05.14 20:05:00.661,1.89213,1.89255,1.00,1.00
2015.05.14 20:05:01.048,1.89213,1.89252,1.00,1.00
2015.05.14 20:05:01.354,1.89218,1.89246,1.00,1.00
2015.05.14 20:05:01.609,1.89218,1.89252,1.00,1.00
2015.05.14 20:05:01.814,1.89218,1.89247,1.00,1.00
2015.05.14 20:05:02.939,1.89218,1.89246,1.00,1.00
2015.05.14 20:05:02.990,1.89215,1.89246,1.00,1.00
2015.05.14 20:05:03.470,1.89215,1.89252,1.00,1.00
2015.05.14 20:05:03.571,1.89215,1.89247,1.00,1.00
2015.05.14 20:05:04.123,1.89211,1.89247,1.00,1.00
2015.05.14 20:05:04.277,1.89207,1.89247,1.00,1.00
2015.05.14 20:05:05.570,1.89207,1.89241,1.00,1.00
2015.05.14 20:05:06.227,1.89207,1.89242,1.00,1.00
2015.05.14 20:05:08.280,1.8921,1.89242,1.00,1.00
2015.05.14 20:05:08.331,1.8921,1.89247,1.00,1.00
2015.05.14 20:05:08.382,1.89206,1.89247,1.00,1.00
2015.05.14 20:05:08.884,1.89206,1.89246,1.00,1.00
2015.05.14 20:05:09.087,1.89206,1.89241,1.00,1.00
2015.05.14 20:05:09.289,1.89206,1.89247,1.00,1.00
2015.05.14 20:05:09.854,1.89206,1.89236,1.00,1.00
2015.05.14 20:05:10.056,1.89206,1.89241,1.00,1.00
2015.05.14 20:05:10.552,1.89203,1.89241,1.00,1.00
2015.05.14 20:05:10.602,1.89203,1.89237,1.00,1.00
2015.05.14 20:05:14.795,1.89203,1.89236,1.00,1.00
2015.05.14 20:05:15.148,1.89203,1.89232,1.00,1.00
2015.05.14 20:05:15.314,1.892,1.89232,1.00,1.00
2015.05.14 20:05:15.566,1.892,1.89236,1.00,1.00
2015.05.14 20:05:15.718,1.89196,1.89236,1.00,1.00
2015.05.14 20:05:16.184,1.89196,1.89232,1.00,1.00
2015.05.14 20:05:17.382,1.89193,1.89232,1.00,1.00
2015.05.14 20:05:20.204,1.89193,1.89231,1.00,1.00
2015.05.14 20:05:20.865,1.89193,1.89232,1.00,1.00
2015.05.14 20:05:21.980,1.89193,1.89235,1.00,1.00
2015.05.14 20:05:22.233,1.89193,1.89232,1.00,1.00
2015.05.14 20:05:22.390,1.89193,1.89235,1.00,1.00
2015.05.14 20:05:23.032,1.89193,1.89232,1.00,1.00
2015.05.14 20:05:23.386,1.89193,1.89235,1.00,1.00
2015.05.14 20:05:23.840,1.89193,1.89231,1.00,1.00
2015.05.14 20:05:24.064,1.89193,1.89235,1.00,1.00
2015.05.14 20:05:24.592,1.89193,1.89232,1.00,1.00
2015.05.14 20:05:24.794,1.89193,1.89235,1.00,1.00
2015.05.14 20:05:26.686,1.89196,1.89238,1.00,1.00
2015.05.14 20:05:26.989,1.89192,1.89233,1.00,1.00
2015.05.14 20:05:27.871,1.89192,1.89232,1.00,1.00
2015.05.14 20:05:28.174,1.89195,1.8923,1.00,1.00
2015.05.14 20:05:39.525,1.89195,1.89227,1.00,1.00
2015.05.14 20:05:50.121,1.89195,1.89226,1.00,1.00
2015.05.14 20:05:50.222,1.89195,1.8923,1.00,1.00
2015.05.14 20:05:55.506,1.89202,1.8923,1.00,1.00
2015.05.14 20:05:55.818,1.89209,1.89236,1.00,1.00
2015.05.14 20:05:56.020,1.89207,1.89236,1.00,1.00
2015.05.14 20:05:56.160,1.89197,1.89234,1.29,1.00
2015.05.14 20:05:57.720,1.89204,1.89237,1.03,1.50
2015.05.14 20:06:00.125,1.89204,1.89236,1.03,1.00
2015.05.14 20:06:00.665,1.89204,1.89237,1.03,1.00
2015.05.14 20:06:01.855,1.89204,1.89236,1.03,1.00
2015.05.14 20:06:03.876,1.89204,1.89239,1.03,1.00
2015.05.14 20:06:05.543,1.89204,1.89239,1.03,1.00
2015.05.14 20:06:10.828,1.89204,1.89239,1.03,1.00
2015.05.14 20:06:10.929,1.89211,1.89246,1.00,1.00
2015.05.14 20:06:14.553,1.89213,1.89251,1.00,1.00
2015.05.14 20:06:16.382,1.89218,1.89251,1.00,1.00
2015.05.14 20:06:16.597,1.89214,1.89251,1.00,1.00
2015.05.14 20:06:17.100,1.89217,1.89253,1.00,1.00
2015.05.14 20:06:25.217,1.89225,1.89262,1.00,1.00
2015.05.14 20:06:28.852,1.89228,1.89262,1.00,1.00
2015.05.14 20:06:29.374,1.89229,1.89262,1.00,1.00
2015.05.14 20:06:31.163,1.89228,1.89262,1.00,1.00
2015.05.14 20:06:32.586,1.89225,1.89262,1.00,1.00
2015.05.14 20:06:39.385,1.89228,1.89262,1.00,1.00
2015.05.14 20:06:40.621,1.89229,1.89262,1.00,1.00
2015.05.14 20:06:42.556,1.89225,1.89262,1.00,1.00
2015.05.14 20:06:43.135,1.89228,1.89262,1.00,1.00
2015.05.14 20:06:43.354,1.89225,1.89262,1.00,1.00
2015.05.14 20:06:45.676,1.89228,1.89262,1.00,1.00
2015.05.14 20:06:45.880,1.89225,1.89262,1.00,1.00
2015.05.14 20:06:48.096,1.89229,1.89262,1.00,1.00
2015.05.14 20:06:48.275,1.89225,1.89262,1.00,1.00
2015.05.14 20:06:49.284,1.89228,1.89262,1.00,1.00
2015.05.14 20:06:52.031,1.89229,1.89262,1.00,1.00
2015.05.14 20:06:54.104,1.89225,1.89262,1.00,1.00
2015.05.14 20:06:59.652,1.89228,1.89262,1.00,1.00
2015.05.14 20:07:00.067,1.89225,1.89262,1.00,1.00
2015.05.14 20:07:17.124,1.89225,1.89257,1.00,1.00
2015.05.14 20:07:20.220,1.89221,1.89257,1.00,1.00
2015.05.14 20:07:28.291,1.89221,1.89252,1.00,1.00
2015.05.14 20:07:38.889,1.89216,1.89252,1.00,1.00
2015.05.14 20:07:40.868,1.89216,1.89254,1.00,1.00
2015.05.14 20:07:42.063,1.89216,1.89252,1.00,1.00
2015.05.14 20:07:42.879,1.89216,1.89254,1.00,1.00
2015.05.14 20:07:53.100,1.8922,1.89257,1.00,1.00
2015.05.14 20:07:53.655,1.8922,1.89256,1.00,1.00
2015.05.14 20:07:54.286,1.8922,1.89257,1.00,1.00
2015.05.14 20:07:55.243,1.89229,1.89261,1.00,1.00
2015.05.14 20:07:55.394,1.89246,1.89283,1.00,1.12
2015.05.14 20:07:55.489,1.89253,1.89286,1.00,1.00
2015.05.14 20:07:55.641,1.89253,1.89289,1.00,1.00
2015.05.14 20:07:56.166,1.89254,1.89289,1.00,1.00
2015.05.14 20:07:56.699,1.89253,1.89289,1.50,1.00
2015.05.14 20:08:00.785,1.89258,1.89289,1.00,1.00
2015.05.14 20:08:01.892,1.89253,1.89289,1.50,1.00
2015.05.14 20:08:02.329,1.89253,1.89287,1.00,1.00
2015.05.14 20:08:04.095,1.89253,1.89289,1.50,1.00
2015.05.14 20:08:08.681,1.89253,1.89287,1.00,1.00
2015.05.14 20:08:09.136,1.8925,1.89287,1.00,1.00
2015.05.14 20:08:24.773,1.89247,1.89284,1.00,1.00
2015.05.14 20:08:25.634,1.89249,1.89284,1.00,1.00
2015.05.14 20:08:29.362,1.89247,1.89284,1.00,1.00
2015.05.14 20:08:35.473,1.89247,1.89282,1.00,1.00
2015.05.14 20:08:36.402,1.89247,1.89281,1.00,1.00
2015.05.14 20:08:39.310,1.89247,1.89284,1.00,1.00
2015.05.14 20:08:50.710,1.89247,1.89282,1.00,1.00
2015.05.14 20:08:57.744,1.89247,1.89284,1.00,1.00
2015.05.14 20:09:03.800,1.89247,1.89282,1.00,1.00
2015.05.14 20:09:06.541,1.89247,1.89277,1.00,1.00
2015.05.14 20:09:10.865,1.89247,1.89266,1.00,1.00
2015.05.14 20:09:11.853,1.89247,1.89272,1.00,1.00
2015.05.14 20:09:11.954,1.89247,1.89277,1.00,1.00
2015.05.14 20:09:12.631,1.89247,1.89272,1.00,1.00
2015.05.14 20:09:12.948,1.89247,1.89277,1.00,1.00
2015.05.14 20:09:14.926,1.89247,1.89282,1.00,1.00
2015.05.14 20:09:15.262,1.89247,1.89276,1.00,1.00
2015.05.14 20:09:15.825,1.89247,1.89277,1.00,1.00
2015.05.14 20:09:16.591,1.89247,1.89276,1.00,1.00
2015.05.14 20:09:18.345,1.89247,1.89277,1.00,1.00
2015.05.14 20:09:24.861,1.8923,1.89277,1.50,1.00
2015.05.14 20:09:28.556,1.8923,1.89266,1.50,1.00
2015.05.14 20:09:29.112,1.89231,1.89266,1.00,1.00
2015.05.14 20:09:30.631,1.89231,1.89277,1.00,1.00
2015.05.14 20:09:31.173,1.8923,1.89277,1.00,1.00
2015.05.14 20:09:36.589,1.89231,1.89277,1.00,1.00
2015.05.14 20:09:36.691,1.89231,1.89281,1.00,1.00
2015.05.14 20:09:36.943,1.89231,1.89277,1.00,1.00
2015.05.14 20:09:38.131,1.89231,1.89276,1.00,1.00
2015.05.14 20:09:38.909,1.89231,1.89277,1.00,1.00
2015.05.14 20:09:39.315,1.89233,1.89277,1.00,1.00
2015.05.14 20:09:39.618,1.89231,1.89272,1.00,1.00
2015.05.14 20:09:40.353,1.89234,1.89276,1.00,1.00
2015.05.14 20:09:41.081,1.89231,1.89271,1.00,1.00
2015.05.14 20:09:41.333,1.89233,1.89277,1.00,1.00
2015.05.14 20:09:42.330,1.89231,1.89276,1.00,1.00
2015.05.14 20:09:43.986,1.89231,1.89282,1.00,1.00
2015.05.14 20:09:56.408,1.89231,1.89287,1.00,1.00
2015.05.14 20:09:56.610,1.89231,1.89282,1.00,1.00
2015.05.14 20:09:57.118,1.89231,1.89281,1.00,1.00
2015.05.14 20:09:57.849,1.89231,1.89287,1.00,1.00
2015.05.14 20:10:00.189,1.8924,1.89287,1.00,1.00
2015.05.14 20:10:00.694,1.8924,1.89286,1.00,1.00
2015.05.14 20:10:07.279,1.8924,1.89292,1.00,1.00
2015.05.14 20:10:07.481,1.89247,1.89292,1.00,1.00
2015.05.14 20:10:08.971,1.89242,1.89292,1.00,1.00
2015.05.14 20:10:09.750,1.89239,1.89292,1.00,1.00
2015.05.14 20:10:12.005,1.89239,1.89287,1.00,1.00
2015.05.14 20:10:18.311,1.89239,1.89282,1.00,1.00
2015.05.14 20:10:18.625,1.89235,1.89261,1.00,1.00
2015.05.14 20:10:18.675,1.89239,1.89276,1.00,1.50
2015.05.14 20:10:57.316,1.89239,1.89266,1.00,1.00
2015.05.14 20:11:15.294,1.89239,1.89262,1.00,1.00
2015.05.14 20:11:16.676,1.89239,1.89257,1.00,1.00
2015.05.14 20:11:16.822,1.89239,1.89261,1.00,1.00
2015.05.14 20:11:18.693,1.89227,1.89261,1.50,1.00
2015.05.14 20:11:19.443,1.89228,1.89261,1.00,1.00
2015.05.14 20:11:20.183,1.89227,1.89261,1.50,1.00
2015.05.14 20:11:20.887,1.89228,1.89261,1.00,1.00
2015.05.14 20:11:21.441,1.89227,1.89261,1.50,1.00
2015.05.14 20:11:22.101,1.89228,1.89261,1.00,1.00
2015.05.14 20:11:22.761,1.89227,1.89261,1.50,1.00
2015.05.14 20:11:24.576,1.89228,1.89261,1.00,1.00
2015.05.14 20:11:25.910,1.89227,1.89261,1.50,1.00
2015.05.14 20:11:26.721,1.89228,1.89261,1.00,1.00
2015.05.14 20:11:27.326,1.89227,1.89261,1.50,1.00
2015.05.14 20:11:27.920,1.89224,1.89261,1.00,1.00
2015.05.14 20:11:28.434,1.89223,1.89261,1.87,1.00
2015.05.14 20:11:28.585,1.89223,1.89256,1.87,1.00
2015.05.14 20:11:28.809,1.89223,1.89262,1.12,1.00
2015.05.14 20:11:36.821,1.89222,1.89271,1.37,1.00
2015.05.14 20:11:37.353,1.89222,1.89272,1.50,1.00
2015.05.14 20:11:37.794,1.89222,1.89267,1.50,1.00
2015.05.14 20:11:39.114,1.89222,1.89261,1.50,1.00
2015.05.14 20:11:39.366,1.89222,1.89267,1.50,1.00
2015.05.14 20:11:41.312,1.89222,1.89262,1.50,1.00
2015.05.14 20:11:41.603,1.89222,1.89267,1.50,1.00
2015.05.14 20:11:42.343,1.89222,1.89262,1.50,1.00
2015.05.14 20:11:42.545,1.89222,1.89266,1.50,1.00
2015.05.14 20:11:43.318,1.89222,1.89262,1.50,1.00
2015.05.14 20:11:43.623,1.89222,1.89267,1.50,1.00
2015.05.14 20:11:47.612,1.89222,1.89272,1.00,1.00
2015.05.14 20:11:48.904,1.89224,1.89281,1.00,1.00
2015.05.14 20:11:49.972,1.89224,1.89281,1.37,1.00
2015.05.14 20:11:50.776,1.89224,1.89281,1.37,1.00
2015.05.14 20:11:51.307,1.89224,1.89281,1.37,1.00
2015.05.14 20:11:51.358,1.89224,1.89281,1.00,1.00
2015.05.14 20:11:58.369,1.89229,1.89281,1.00,1.00
2015.05.14 20:12:26.751,1.89229,1.89282,1.14,1.00
2015.05.14 20:12:27.335,1.89229,1.89281,1.14,1.00
2015.05.14 20:12:37.302,1.89229,1.89276,1.00,1.00
2015.05.14 20:12:37.530,1.89229,1.89282,1.00,1.00
2015.05.14 20:12:39.213,1.8923,1.89282,1.00,1.00
2015.05.14 20:12:39.653,1.8923,1.89277,1.00,1.00
2015.05.14 20:12:41.313,1.8923,1.89281,1.00,1.00
2015.05.14 20:12:41.414,1.8923,1.89287,1.00,1.00
2015.05.14 20:12:41.703,1.8923,1.89292,1.00,1.50
2015.05.14 20:12:42.370,1.8923,1.89287,1.00,1.00
2015.05.14 20:12:42.593,1.89232,1.89292,1.12,1.50
2015.05.14 20:12:43.234,1.89237,1.89292,1.00,1.00
2015.05.14 20:12:43.436,1.89234,1.89292,1.00,1.00
2015.05.14 20:12:43.737,1.89243,1.89292,1.00,1.00
2015.05.14 20:12:43.838,1.8924,1.89292,1.00,1.50
2015.05.14 20:12:44.534,1.89236,1.89293,1.00,1.00
2015.05.14 20:12:45.243,1.89234,1.89293,1.00,1.00
2015.05.14 20:12:50.064,1.89233,1.89293,1.87,1.00
2015.05.14 20:12:50.623,1.89238,1.89293,1.00,1.50
2015.05.14 20:12:51.124,1.89238,1.89292,1.87,1.00
2015.05.14 20:12:54.139,1.89238,1.89286,1.00,1.00
2015.05.14 20:12:54.827,1.89238,1.89281,1.00,1.00
2015.05.14 20:12:56.212,1.89238,1.89286,1.00,1.00
2015.05.14 20:12:56.465,1.89238,1.8929,1.00,1.00
2015.05.14 20:12:56.566,1.89233,1.89287,1.00,1.00
2015.05.14 20:12:56.818,1.89238,1.8929,1.00,1.00
2015.05.14 20:12:57.564,1.89233,1.89287,1.00,1.00
2015.05.14 20:12:58.871,1.89236,1.89287,1.00,1.00
2015.05.14 20:12:59.174,1.89248,1.8928,1.00,1.00
2015.05.14 20:12:59.224,1.89248,1.89285,1.50,1.00
2015.05.14 20:13:06.906,1.89254,1.89285,1.00,1.00
2015.05.14 20:13:06.957,1.89254,1.89289,1.00,1.00
2015.05.14 20:13:07.103,1.89259,1.89289,1.00,1.00
2015.05.14 20:13:07.636,1.89258,1.89289,1.00,1.00
2015.05.14 20:13:07.792,1.89254,1.89289,1.00,1.00
2015.05.14 20:13:09.091,1.89253,1.89289,1.00,1.00
2015.05.14 20:13:15.696,1.89258,1.89289,1.00,1.00
2015.05.14 20:13:16.219,1.89259,1.89289,1.00,1.00
2015.05.14 20:13:17.931,1.89253,1.89289,1.00,1.00
2015.05.14 20:13:24.075,1.89258,1.89289,1.00,1.00
2015.05.14 20:13:25.371,1.89253,1.89289,1.00,1.00
2015.05.14 20:13:29.550,1.89254,1.89289,1.00,1.00
2015.05.14 20:13:31.794,1.89259,1.89289,1.00,1.00
2015.05.14 20:13:34.286,1.89258,1.89289,1.00,1.00
2015.05.14 20:13:34.837,1.89253,1.89289,1.00,1.00
2015.05.14 20:13:35.088,1.89251,1.89289,1.00,1.00
2015.05.14 20:13:38.383,1.89248,1.89277,1.34,1.00
2015.05.14 20:13:38.585,1.89248,1.89276,1.00,1.00
2015.05.14 20:13:40.371,1.89248,1.89283,1.00,1.00
2015.05.14 20:13:40.924,1.89243,1.8928,1.50,1.00
2015.05.14 20:13:41.338,1.89243,1.89262,1.00,1.00
2015.05.14 20:13:41.389,1.89236,1.89262,1.37,1.00
2015.05.14 20:13:41.440,1.89232,1.89262,1.00,1.00
2015.05.14 20:13:41.541,1.89226,1.89262,1.00,1.00
2015.05.14 20:13:41.755,1.89226,1.89257,1.00,1.00
2015.05.14 20:13:42.103,1.89226,1.89252,1.00,1.00
2015.05.14 20:13:42.356,1.89226,1.89263,1.00,1.00
2015.05.14 20:13:42.457,1.89229,1.89266,1.00,1.00
2015.05.14 20:13:44.622,1.89233,1.89266,1.00,1.00
2015.05.14 20:13:45.612,1.89229,1.89266,1.50,1.00
2015.05.14 20:13:52.200,1.89226,1.89264,1.00,1.00
2015.05.14 20:13:52.759,1.89226,1.89263,1.00,1.00
2015.05.14 20:13:53.521,1.89226,1.89262,1.00,1.00
2015.05.14 20:13:54.068,1.89226,1.89263,1.00,1.00
2015.05.14 20:13:54.605,1.89226,1.89262,1.00,1.00
2015.05.14 20:13:55.121,1.89226,1.89263,1.00,1.00
2015.05.14 20:13:55.679,1.89226,1.89262,1.00,1.00
2015.05.14 20:13:56.440,1.89226,1.89263,1.00,1.00
2015.05.14 20:13:56.942,1.89226,1.89262,1.00,1.00
2015.05.14 20:13:58.069,1.89226,1.89256,1.00,1.00
2015.05.14 20:13:58.605,1.89226,1.89257,1.00,1.00
2015.05.14 20:14:00.826,1.89226,1.89256,1.00,1.00
2015.05.14 20:14:01.372,1.89226,1.89257,1.00,1.00
2015.05.14 20:14:02.073,1.89226,1.89256,1.00,1.00
2015.05.14 20:14:02.208,1.89226,1.89262,1.00,1.50
2015.05.14 20:14:02.783,1.89226,1.89258,1.00,1.00
2015.05.14 20:14:02.833,1.89219,1.89257,1.00,1.00
2015.05.14 20:14:02.934,1.89217,1.89253,1.00,1.00
2015.05.14 20:14:06.788,1.89214,1.89249,1.00,1.00
2015.05.14 20:14:07.726,1.8921,1.8925,1.00,1.00
2015.05.14 20:14:10.298,1.8921,1.89247,1.00,1.00
2015.05.14 20:14:11.350,1.8921,1.89249,1.00,1.00
2015.05.14 20:14:11.907,1.8921,1.8925,1.00,1.00
2015.05.14 20:14:12.159,1.8921,1.89247,1.00,1.00
2015.05.14 20:14:12.907,1.8921,1.89246,1.00,1.00
2015.05.14 20:14:13.439,1.8921,1.89247,1.00,1.00
2015.05.14 20:14:13.881,1.8921,1.89242,1.00,1.00
2015.05.14 20:14:14.099,1.8921,1.89246,1.00,1.00
2015.05.14 20:14:14.890,1.8921,1.89249,1.00,1.00
2015.05.14 20:14:15.105,1.8921,1.89247,1.00,1.00
2015.05.14 20:14:15.358,1.8921,1.89251,1.00,1.00
2015.05.14 20:14:15.560,1.8921,1.89247,1.00,1.00
2015.05.14 20:14:16.945,1.8921,1.89246,1.00,1.00
2015.05.14 20:14:17.069,1.8921,1.89251,1.00,1.00
2015.05.14 20:14:22.972,1.8921,1.89247,1.00,1.00
2015.05.14 20:14:25.451,1.8921,1.89252,1.00,1.00
2015.05.14 20:14:28.489,1.89213,1.89252,1.00,1.00
2015.05.14 20:14:32.496,1.89213,1.89247,1.00,1.00
2015.05.14 20:14:32.579,1.89213,1.89251,1.00,1.00
2015.05.14 20:14:33.596,1.89213,1.89252,1.00,1.00
2015.05.14 20:14:35.323,1.89213,1.89247,1.00,1.00
2015.05.14 20:14:35.474,1.89213,1.89252,1.00,1.00
2015.05.14 20:14:37.055,1.89213,1.89251,1.00,1.00
2015.05.14 20:14:38.659,1.89213,1.89256,1.00,1.00
2015.05.14 20:14:50.527,1.89218,1.89257,1.00,1.00
2015.05.14 20:14:51.029,1.89218,1.89256,1.00,1.00
2015.05.14 20:14:52.329,1.89214,1.89256,1.00,1.00
2015.05.14 20:14:52.380,1.89214,1.89252,1.00,1.00
2015.05.14 20:14:52.532,1.89211,1.89252,1.00,1.00
2015.05.14 20:14:52.838,1.89211,1.89246,1.00,1.00
2015.05.14 20:15:01.369,1.89211,1.89242,1.00,1.00
2015.05.14 20:15:01.419,1.89211,1.89247,1.00,1.00
2015.05.14 20:15:01.897,1.89211,1.89242,1.00,1.00
2015.05.14 20:15:03.607,1.89211,1.89241,1.00,1.00
2015.05.14 20:15:04.121,1.89211,1.89242,1.00,1.00
2015.05.14 20:15:17.296,1.89211,1.89241,1.00,1.00
2015.05.14 20:15:22.529,1.89211,1.89237,1.00,1.00
2015.05.14 20:15:23.846,1.89211,1.89242,1.00,1.00
2015.05.14 20:15:26.830,1.89211,1.89236,1.00,1.00
2015.05.14 20:15:26.898,1.89208,1.89236,1.00,1.00
2015.05.14 20:15:28.160,1.89208,1.89241,1.00,1.00
2015.05.14 20:15:28.665,1.89208,1.89242,1.00,1.00
2015.05.14 20:15:33.431,1.89208,1.89241,1.04,1.00
2015.05.14 20:15:33.959,1.89208,1.89242,1.04,1.00
2015.05.14 20:15:34.213,1.89205,1.89236,1.03,1.00
2015.05.14 20:15:34.545,1.89205,1.89227,1.03,1.00
2015.05.14 20:15:35.050,1.89205,1.89226,1.03,1.00
2015.05.14 20:15:36.746,1.89205,1.89226,1.03,1.00
2015.05.14 20:15:39.139,1.89205,1.89227,1.03,1.00
2015.05.14 20:15:39.189,1.89201,1.89227,1.00,1.00
2015.05.14 20:15:39.391,1.89201,1.89222,1.00,1.00
2015.05.14 20:15:41.558,1.89201,1.89227,1.00,1.00
2015.05.14 20:15:45.627,1.89201,1.89226,1.00,1.00
2015.05.14 20:15:56.304,1.89201,1.89231,1.00,1.00
2015.05.14 20:15:59.069,1.89201,1.89227,1.00,1.00
2015.05.14 20:16:00.063,1.89201,1.89232,1.00,1.00
2015.05.14 20:16:08.725,1.89201,1.89231,1.00,1.00
2015.05.14 20:16:08.877,1.89201,1.89227,1.00,1.00
2015.05.14 20:16:09.079,1.89201,1.89232,1.00,1.00
2015.05.14 20:16:09.130,1.89204,1.89232,1.00,1.00
2015.05.14 20:16:11.822,1.89204,1.89227,1.00,1.00
2015.05.14 20:16:11.923,1.89204,1.89232,1.00,1.00
2015.05.14 20:16:14.143,1.89204,1.89226,1.00,1.00
2015.05.14 20:16:14.893,1.89204,1.89227,1.00,1.00
2015.05.14 20:16:27.760,1.89204,1.89221,1.00,1.00
2015.05.14 20:16:28.165,1.89199,1.89222,1.00,1.00
2015.05.14 20:16:29.523,1.89193,1.89222,1.15,1.00
2015.05.14 20:16:29.574,1.89193,1.89222,1.00,1.00
2015.05.14 20:16:29.625,1.89187,1.89222,1.00,1.00
2015.05.14 20:16:29.675,1.89182,1.89217,1.00,1.00
2015.05.14 20:16:29.996,1.89182,1.89212,1.00,1.00
2015.05.14 20:16:30.097,1.8918,1.89212,1.00,1.00
2015.05.14 20:16:30.199,1.8918,1.89215,1.00,1.00
2015.05.14 20:17:07.488,1.8918,1.89211,1.00,1.00
2015.05.14 20:17:07.589,1.8918,1.89215,1.00,1.00
2015.05.14 20:17:30.185,1.89163,1.89217,1.50,1.00
2015.05.14 20:17:59.852,1.89164,1.89216,1.00,1.00
2015.05.14 20:18:08.074,1.89169,1.89221,1.00,1.50
2015.05.14 20:18:10.472,1.89168,1.89221,1.00,1.00
2015.05.14 20:18:10.982,1.89168,1.89222,1.00,3.00
2015.05.14 20:18:11.778,1.89168,1.89221,1.00,1.00
2015.05.14 20:18:12.306,1.89168,1.89222,1.00,2.25
2015.05.14 20:18:12.915,1.89169,1.89221,1.00,1.50
2015.05.14 20:18:18.892,1.89168,1.89222,1.00,2.25
2015.05.14 20:18:21.060,1.89169,1.89221,1.00,1.00
2015.05.14 20:18:26.155,1.89168,1.89222,1.50,1.00
2015.05.14 20:18:29.191,1.89173,1.89227,1.00,1.00
2015.05.14 20:18:32.199,1.89174,1.89226,1.00,1.00
2015.05.14 20:18:32.812,1.89173,1.89227,1.00,1.00
2015.05.14 20:18:33.800,1.89182,1.89219,1.00,1.00
2015.05.14 20:19:07.590,1.89183,1.89219,1.00,1.00
2015.05.14 20:19:07.691,1.89186,1.89224,1.00,1.00
2015.05.14 20:19:38.319,1.89186,1.89222,1.00,1.00
2015.05.14 20:19:38.420,1.89182,1.89219,1.00,1.00
2015.05.14 20:19:40.070,1.89177,1.89214,1.00,1.00
2015.05.14 20:19:40.422,1.89175,1.8921,1.00,1.00
2015.05.14 20:19:50.780,1.89175,1.8921,1.00,1.15
2015.05.14 20:19:51.033,1.89155,1.89181,1.00,1.00
2015.05.14 20:19:51.184,1.89149,1.89181,1.00,1.00
2015.05.14 20:19:51.846,1.89149,1.89185,1.00,1.00
2015.05.14 20:19:56.872,1.89154,1.89185,1.00,1.00
2015.05.14 20:19:57.427,1.89153,1.89185,1.00,1.00
2015.05.14 20:19:58.289,1.89149,1.89185,1.00,1.00
2015.05.14 20:20:02.386,1.89154,1.89185,1.00,1.00
2015.05.14 20:20:02.538,1.89154,1.89189,1.00,1.00
2015.05.14 20:20:06.579,1.89151,1.89189,1.00,1.00
2015.05.14 20:20:28.655,1.89153,1.89189,1.00,1.00
2015.05.14 20:20:41.672,1.89151,1.89189,1.00,1.00
2015.05.14 20:20:58.143,1.89153,1.89189,1.00,1.00
2015.05.14 20:21:01.873,1.89154,1.89189,1.00,1.00
2015.05.14 20:21:02.598,1.89154,1.89204,1.00,1.00
2015.05.14 20:21:03.166,1.89154,1.89205,1.00,1.50
2015.05.14 20:21:05.085,1.89138,1.89187,1.00,1.00
2015.05.14 20:21:05.388,1.89149,1.89196,1.00,1.00
2015.05.14 20:21:05.656,1.89148,1.89199,1.00,1.00
2015.05.14 20:21:06.610,1.89139,1.89199,1.00,1.00
2015.05.14 20:21:07.413,1.89153,1.892,1.00,1.00
2015.05.14 20:21:07.854,1.89138,1.89199,1.00,1.00
2015.05.14 20:21:08.056,1.89143,1.892,1.00,1.00
2015.05.14 20:21:08.363,1.89153,1.89199,1.00,1.00
2015.05.14 20:21:08.805,1.89143,1.892,1.00,1.00
2015.05.14 20:21:09.070,1.89139,1.89186,1.00,1.00
2015.05.14 20:21:09.574,1.89138,1.89187,1.00,1.00
2015.05.14 20:21:49.316,1.89139,1.89186,1.00,1.00
2015.05.14 20:21:50.642,1.89138,1.89187,1.00,1.00
2015.05.14 20:22:24.813,1.89139,1.89186,1.00,1.00
2015.05.14 20:22:31.961,1.89138,1.89187,1.00,1.00
2015.05.14 20:22:44.428,1.89143,1.89192,1.00,1.00
2015.05.14 20:22:44.732,1.89138,1.89187,1.00,1.00
2015.05.14 20:22:45.588,1.89143,1.89187,1.00,1.00
2015.05.14 20:22:45.724,1.89135,1.89181,1.00,1.00
2015.05.14 20:22:46.397,1.89138,1.89187,1.50,1.00
2015.05.14 20:22:47.361,1.89137,1.89182,1.00,1.00
2015.05.14 20:22:47.582,1.89138,1.89187,1.00,1.00
2015.05.14 20:22:49.192,1.89137,1.89182,1.00,1.00
2015.05.14 20:22:49.342,1.89139,1.89186,1.00,1.00
2015.05.14 20:22:50.772,1.89138,1.89182,1.00,1.00
2015.05.14 20:22:51.101,1.89138,1.89187,1.00,1.00
2015.05.14 20:22:54.841,1.89135,1.89181,1.00,1.00
2015.05.14 20:22:55.093,1.89139,1.89186,1.00,1.00
2015.05.14 20:22:57.052,1.89138,1.89187,1.00,1.00
2015.05.14 20:22:57.378,1.89143,1.89187,1.00,1.00
2015.05.14 20:22:59.359,1.89144,1.89186,1.00,1.00
2015.05.14 20:23:05.642,1.89143,1.89187,1.00,1.00
2015.05.14 20:23:08.701,1.89144,1.89186,1.00,1.00
2015.05.14 20:23:11.340,1.89149,1.89191,1.00,1.00
2015.05.14 20:23:13.887,1.89153,1.89205,1.00,1.00
2015.05.14 20:23:14.796,1.89153,1.89204,1.00,1.00
2015.05.14 20:23:21.571,1.89148,1.89202,1.00,1.00
2015.05.14 20:23:21.935,1.89144,1.89201,1.00,1.00
2015.05.14 20:23:22.350,1.89153,1.89204,1.00,1.00
2015.05.14 20:23:22.890,1.89144,1.89201,1.00,1.00
2015.05.14 20:23:23.417,1.89143,1.89202,2.25,1.00
2015.05.14 20:23:23.550,1.89153,1.89204,1.00,1.00
2015.05.14 20:23:24.078,1.89154,1.89204,1.00,1.00
2015.05.14 20:23:24.129,1.89148,1.89204,1.00,1.00
2015.05.14 20:23:24.890,1.89153,1.89204,1.00,1.00
2015.05.14 20:23:25.311,1.89148,1.89204,1.00,1.00
2015.05.14 20:23:25.910,1.89148,1.89205,1.00,1.00
2015.05.14 20:23:26.112,1.89154,1.89205,1.00,1.00
2015.05.14 20:23:26.630,1.89148,1.89205,1.00,1.00
2015.05.14 20:23:27.290,1.89154,1.89205,1.00,1.00
2015.05.14 20:23:27.860,1.89149,1.89205,1.00,1.50
2015.05.14 20:23:28.422,1.89148,1.89205,1.00,1.00
2015.05.14 20:23:28.610,1.89153,1.89205,1.00,1.00
2015.05.14 20:23:29.098,1.89148,1.89205,1.00,1.00
2015.05.14 20:23:29.821,1.89154,1.89205,1.00,1.50
2015.05.14 20:23:30.392,1.8915,1.89205,1.00,1.50
2015.05.14 20:23:31.074,1.89154,1.89205,1.00,2.25
2015.05.14 20:23:31.596,1.8915,1.89205,1.00,1.50
2015.05.14 20:23:32.341,1.89149,1.89205,1.00,1.50
2015.05.14 20:23:32.392,1.89153,1.89205,1.00,1.50
2015.05.14 20:23:32.838,1.89149,1.89204,1.00,1.00
2015.05.14 20:23:33.381,1.89148,1.89204,1.00,1.00
2015.05.14 20:23:33.602,1.89153,1.89204,1.00,1.00
2015.05.14 20:23:34.110,1.89149,1.89204,1.00,1.00
2015.05.14 20:23:34.643,1.89148,1.89204,1.00,1.00
2015.05.14 20:23:34.910,1.89153,1.89204,1.00,1.00
2015.05.14 20:23:35.354,1.89149,1.89204,1.00,1.00
2015.05.14 20:23:35.870,1.89149,1.89205,1.00,1.00
2015.05.14 20:23:36.090,1.89154,1.89205,1.00,1.00
2015.05.14 20:23:36.530,1.89149,1.89205,1.00,1.00
2015.05.14 20:23:37.272,1.89148,1.89205,1.00,1.50
2015.05.14 20:23:37.323,1.89154,1.89205,1.00,1.00
2015.05.14 20:23:37.850,1.89149,1.89204,1.00,1.00
2015.05.14 20:23:38.087,1.89146,1.89197,1.00,1.00
2015.05.14 20:23:38.434,1.89153,1.89197,1.00,1.00
2015.05.14 20:23:50.647,1.89148,1.89192,1.50,1.00
2015.05.14 20:23:50.900,1.89142,1.89191,1.00,1.00
2015.05.14 20:23:51.001,1.89138,1.89191,1.00,1.00
2015.05.14 20:23:51.051,1.89136,1.89187,1.00,1.00
2015.05.14 20:23:51.587,1.89135,1.89187,1.50,1.00
2015.05.14 20:23:52.370,1.89135,1.89192,1.50,1.00
2015.05.14 20:23:52.866,1.89148,1.89186,1.00,1.00
2015.05.14 20:23:57.876,1.89154,1.89186,1.00,1.00
2015.05.14 20:23:57.977,1.89156,1.89194,1.00,1.00
2015.05.14 20:23:58.129,1.89156,1.89191,1.00,1.00
2015.05.14 20:23:58.672,1.89156,1.89192,1.00,1.00
2015.05.14 20:23:58.974,1.89156,1.89186,1.00,1.00
2015.05.14 20:23:59.483,1.89156,1.89187,1.00,1.00
2015.05.14 20:24:00.289,1.89156,1.89192,1.00,1.00
2015.05.14 20:24:01.684,1.8915,1.89187,1.00,1.00
2015.05.14 20:24:07.644,1.89143,1.8918,1.00,1.00
2015.05.14 20:24:12.210,1.89146,1.89184,1.00,1.00
2015.05.14 20:24:48.360,1.89146,1.89182,1.00,1.00
2015.05.14 20:24:48.512,1.89146,1.89184,1.00,1.00
2015.05.14 20:25:09.908,1.89148,1.89184,1.00,1.00
2015.05.14 20:25:10.211,1.89158,1.89184,1.00,1.00
2015.05.14 20:25:10.262,1.89146,1.89182,1.00,1.00
2015.05.14 20:25:10.363,1.89154,1.89182,1.00,1.00
2015.05.14 20:25:10.615,1.89154,1.89187,1.00,1.00
2015.05.14 20:25:14.891,1.89154,1.89182,1.00,1.00
2015.05.14 20:25:18.662,1.89154,1.89187,1.00,1.00
2015.05.14 20:25:20.364,1.89154,1.89182,1.00,1.00
2015.05.14 20:25:23.053,1.89147,1.89182,1.00,1.50
2015.05.14 20:25:36.294,1.89147,1.89171,1.00,1.00
2015.05.14 20:25:37.023,1.8914,1.89171,1.00,1.00
2015.05.14 20:25:37.207,1.89137,1.89171,1.00,1.00
2015.05.14 20:25:42.575,1.89137,1.89175,1.00,1.00
2015.05.14 20:25:58.331,1.89138,1.89175,1.00,1.00
2015.05.14 20:26:04.914,1.89137,1.89175,1.00,1.00
2015.05.14 20:26:05.782,1.89138,1.89175,1.00,1.00
2015.05.14 20:26:10.764,1.89139,1.89175,1.00,1.00
2015.05.14 20:26:12.644,1.89143,1.89175,1.00,1.00
2015.05.14 20:26:14.354,1.89138,1.89175,1.00,1.00
2015.05.14 20:26:16.554,1.89144,1.89175,1.00,1.00
2015.05.14 20:26:16.884,1.89139,1.89175,1.00,1.00
2015.05.14 20:26:19.113,1.89137,1.89175,1.00,1.00
2015.05.14 20:26:28.387,1.89134,1.89172,1.00,1.00
2015.05.14 20:27:28.415,1.89128,1.89182,1.00,1.00
2015.05.14 20:27:31.396,1.89134,1.89186,1.00,1.50
2015.05.14 20:27:32.031,1.89134,1.89185,1.00,1.00
2015.05.14 20:27:32.333,1.89134,1.89186,1.00,1.87
2015.05.14 20:27:35.832,1.89134,1.89186,1.00,1.50
2015.05.14 20:27:36.347,1.89128,1.89182,1.00,1.00
2015.05.14 20:27:48.403,1.89129,1.89181,1.00,1.00
2015.05.14 20:27:50.405,1.89128,1.89177,1.00,1.00
2015.05.14 20:28:00.625,1.89123,1.89177,1.00,1.00
2015.05.14 20:28:12.697,1.89129,1.89181,1.00,1.00
2015.05.14 20:28:22.613,1.89134,1.89184,1.00,1.00
2015.05.14 20:28:22.832,1.89128,1.89182,1.00,1.00
2015.05.14 20:28:26.917,1.89129,1.89181,1.00,1.00
2015.05.14 20:28:35.483,1.89128,1.89182,1.00,1.00
2015.05.14 20:28:36.020,1.89129,1.89181,1.00,1.00
2015.05.14 20:28:37.376,1.89124,1.89176,1.00,1.00
2015.05.14 20:28:45.715,1.89128,1.89182,1.00,1.00
2015.05.14 20:28:46.385,1.89124,1.89176,1.00,1.00
2015.05.14 20:28:57.591,1.89143,1.89184,1.00,1.00
2015.05.14 20:28:57.692,1.89143,1.89187,1.00,1.00
2015.05.14 20:28:57.804,1.89143,1.89174,1.00,1.00
2015.05.14 20:29:00.141,1.89153,1.89174,1.00,1.00
2015.05.14 20:29:00.192,1.89153,1.89181,1.00,1.00
2015.05.14 20:29:00.293,1.89153,1.89184,1.00,1.00
2015.05.14 20:29:01.580,1.89158,1.89184,1.00,1.00
2015.05.14 20:29:04.254,1.89158,1.89188,1.00,1.00
2015.05.14 20:29:04.304,1.89168,1.89188,1.00,1.00
2015.05.14 20:29:04.405,1.89168,1.89192,1.00,1.00
2015.05.14 20:29:04.871,1.89163,1.89192,1.00,1.00
2015.05.14 20:29:07.052,1.89178,1.89192,1.00,1.00
2015.05.14 20:29:07.154,1.89178,1.89197,1.00,1.00
2015.05.14 20:29:07.410,1.89178,1.89201,1.00,1.00
2015.05.14 20:29:07.461,1.89178,1.89204,1.00,1.00
2015.05.14 20:29:08.118,1.89178,1.89208,1.00,1.00
2015.05.14 20:29:08.694,1.89178,1.89211,1.00,1.00
2015.05.14 20:29:08.846,1.89184,1.89211,1.00,1.00
2015.05.14 20:29:09.148,1.89188,1.89211,1.00,1.00
2015.05.14 20:29:09.199,1.89188,1.89215,1.00,1.00
2015.05.14 20:29:09.300,1.89188,1.89218,1.00,1.00
2015.05.14 20:29:09.843,1.89183,1.89218,1.00,1.00
2015.05.14 20:29:14.873,1.89194,1.89218,1.00,1.00
2015.05.14 20:29:14.923,1.89194,1.89227,1.00,1.00
2015.05.14 20:29:14.974,1.89194,1.89231,1.50,1.00
2015.05.14 20:29:15.126,1.89197,1.89234,1.00,1.00
2015.05.14 20:29:15.428,1.89195,1.8923,1.00,1.00
2015.05.14 20:29:20.850,1.89214,1.89237,1.00,1.00
2015.05.14 20:29:20.952,1.89214,1.89244,1.00,1.00
2015.05.14 20:29:21.053,1.89214,1.8925,1.00,1.00
2015.05.14 20:29:21.104,1.89214,1.89254,1.00,1.00
2015.05.14 20:29:21.154,1.89218,1.89254,1.00,1.00
2015.05.14 20:29:21.407,1.89218,1.89258,1.00,1.00
2015.05.14 20:29:22.232,1.89219,1.89258,1.00,1.00
2015.05.14 20:29:22.674,1.89223,1.89258,1.00,1.00
2015.05.14 20:29:22.724,1.89223,1.89262,1.00,1.00
2015.05.14 20:29:22.775,1.89224,1.89267,1.00,1.50
2015.05.14 20:29:22.926,1.89228,1.89267,1.00,1.00
2015.05.14 20:29:23.331,1.89233,1.89267,1.00,1.00
2015.05.14 20:29:23.483,1.89228,1.89267,1.50,1.00
2015.05.14 20:29:23.710,1.89228,1.8927,1.00,1.00
2015.05.14 20:29:24.569,1.89233,1.8927,1.00,1.00
2015.05.14 20:29:27.263,1.89233,1.89272,1.00,1.00
2015.05.14 20:29:29.380,1.89229,1.89271,1.00,1.00
2015.05.14 20:29:31.810,1.89228,1.89272,1.00,1.50
2015.05.14 20:29:32.312,1.89229,1.89271,1.00,1.00
2015.05.14 20:29:32.363,1.89228,1.89267,1.00,1.00
2015.05.14 20:29:32.872,1.89228,1.89266,1.00,1.00
2015.05.14 20:29:32.923,1.89224,1.89266,1.00,1.00
2015.05.14 20:29:34.110,1.89228,1.89269,1.00,1.00
2015.05.14 20:29:34.431,1.89221,1.89257,1.00,1.00
2015.05.14 20:29:34.482,1.89218,1.89257,1.00,1.00
2015.05.14 20:29:34.684,1.89229,1.89267,1.00,1.00
2015.05.14 20:29:34.885,1.89223,1.89267,1.00,1.00
2015.05.14 20:29:35.570,1.89238,1.89267,1.00,1.00
2015.05.14 20:29:35.721,1.89238,1.89277,1.00,1.00
2015.05.14 20:29:35.873,1.89231,1.89277,1.00,1.00
2015.05.14 20:29:36.110,1.89239,1.89281,1.00,1.00
2015.05.14 20:29:36.413,1.89239,1.89279,1.00,1.00
2015.05.14 20:29:36.572,1.89233,1.89277,1.00,1.00
2015.05.14 20:29:36.673,1.89238,1.89279,1.00,1.00
2015.05.14 20:29:37.039,1.89238,1.89282,1.00,1.50
2015.05.14 20:29:38.840,1.89233,1.89277,1.00,1.00
2015.05.14 20:29:42.030,1.89234,1.89276,1.00,1.00
2015.05.14 20:29:42.377,1.89229,1.89276,1.50,1.00
2015.05.14 20:29:42.799,1.89229,1.89272,1.00,1.00
2015.05.14 20:29:43.254,1.89229,1.89277,1.00,1.00
2015.05.14 20:29:46.431,1.89229,1.89272,1.00,1.00
2015.05.14 20:30:00.261,1.89229,1.89277,1.00,1.00
2015.05.14 20:30:01.176,1.89227,1.89277,1.00,1.00
2015.05.14 20:30:02.233,1.89228,1.89277,1.00,1.00
2015.05.14 20:30:03.433,1.89227,1.89277,1.00,1.00
2015.05.14 20:30:04.437,1.89228,1.89277,1.00,1.00
2015.05.14 20:30:05.154,1.89227,1.89277,1.00,1.00
2015.05.14 20:30:05.814,1.89228,1.89277,1.00,1.00
2015.05.14 20:30:06.476,1.89227,1.89277,1.00,1.00
2015.05.14 20:30:07.135,1.89228,1.89277,1.00,1.00
2015.05.14 20:30:07.979,1.89227,1.89277,1.00,1.00
2015.05.14 20:30:08.481,1.89228,1.89277,1.00,1.00
2015.05.14 20:30:09.025,1.89227,1.89277,1.00,1.00
2015.05.14 20:30:09.177,1.89218,1.89277,1.00,1.00
2015.05.14 20:30:10.379,1.89214,1.89271,1.00,1.00
2015.05.14 20:30:13.804,1.89213,1.89272,1.00,1.00
2015.05.14 20:30:26.560,1.89214,1.89271,1.00,1.00
2015.05.14 20:30:27.081,1.89214,1.89268,1.00,1.00
2015.05.14 20:30:27.132,1.89214,1.89271,1.00,1.00
2015.05.14 20:30:27.406,1.89213,1.89266,1.00,1.00
2015.05.14 20:30:28.016,1.89212,1.89266,1.00,1.00
2015.05.14 20:30:28.540,1.89212,1.89267,1.00,1.00
2015.05.14 20:30:29.080,1.89213,1.89268,1.00,1.00
2015.05.14 20:30:29.181,1.89213,1.89272,1.00,1.00
2015.05.14 20:30:32.055,1.89208,1.89267,1.00,1.00
2015.05.14 20:30:32.409,1.89213,1.89272,1.00,1.00
2015.05.14 20:30:33.149,1.89209,1.89266,1.00,1.00
2015.05.14 20:30:33.398,1.89213,1.89272,1.00,1.00
2015.05.14 20:30:33.971,1.89214,1.89271,1.00,1.00
2015.05.14 20:30:35.620,1.89218,1.89277,1.00,1.12
2015.05.14 20:30:35.821,1.89223,1.8928,1.00,1.37
2015.05.14 20:30:37.229,1.89218,1.89277,1.00,1.00
2015.05.14 20:30:43.640,1.89213,1.89272,1.00,1.00
2015.05.14 20:30:44.145,1.89218,1.89277,1.00,1.00
2015.05.14 20:30:44.920,1.89214,1.89271,1.00,1.00
2015.05.14 20:30:45.374,1.89212,1.89266,1.00,1.00
2015.05.14 20:30:45.808,1.89218,1.89277,1.00,1.37
2015.05.14 20:30:45.960,1.89218,1.89277,1.12,1.34
2015.05.14 20:30:46.061,1.89218,1.89277,1.12,1.00
2015.05.14 20:30:46.177,1.89214,1.89271,1.37,1.00
2015.05.14 20:30:46.227,1.89214,1.89271,1.00,1.00
2015.05.14 20:30:47.159,1.89213,1.89272,1.00,1.00
2015.05.14 20:30:47.367,1.89212,1.89266,1.00,1.00
2015.05.14 20:30:47.904,1.89213,1.89272,1.00,1.00
2015.05.14 20:30:49.099,1.89218,1.89277,1.00,1.00
2015.05.14 20:30:51.079,1.89213,1.89272,1.00,1.00
2015.05.14 20:30:51.580,1.89214,1.89271,1.00,1.00
2015.05.14 20:30:51.959,1.89218,1.89277,1.00,1.00
2015.05.14 20:30:52.069,1.89213,1.89272,1.00,1.00
2015.05.14 20:30:52.391,1.89218,1.89277,1.00,1.00
2015.05.14 20:30:57.441,1.89218,1.89277,1.00,1.87
2015.05.14 20:30:57.775,1.89219,1.89276,1.00,1.00
2015.05.14 20:30:58.278,1.89218,1.89277,1.00,1.00
2015.05.14 20:30:58.780,1.89219,1.89276,1.00,1.00
2015.05.14 20:31:07.140,1.89213,1.89272,1.00,1.00
2015.05.14 20:31:10.329,1.89219,1.89276,1.00,1.00
2015.05.14 20:31:13.084,1.89213,1.89272,1.00,1.00
2015.05.14 20:31:14.289,1.89218,1.89277,1.00,1.00
2015.05.14 20:31:15.608,1.89214,1.89271,1.00,1.00
2015.05.14 20:31:25.444,1.89213,1.89272,1.00,1.00
2015.05.14 20:31:27.605,1.89214,1.89271,1.00,1.00
2015.05.14 20:31:28.147,1.89213,1.89272,1.00,1.00
2015.05.14 20:31:28.489,1.89218,1.89272,1.00,1.50
2015.05.14 20:31:28.690,1.89213,1.89272,1.00,1.00
2015.05.14 20:31:29.259,1.89217,1.89272,1.00,1.00
2015.05.14 20:31:30.110,1.89213,1.89272,1.00,1.00
2015.05.14 20:31:31.119,1.89214,1.89271,1.00,1.00
2015.05.14 20:31:32.878,1.89213,1.89272,1.50,1.50
2015.05.14 20:31:48.864,1.89214,1.89271,1.00,1.00
2015.05.14 20:31:52.632,1.89214,1.89271,1.00,1.37
2015.05.14 20:31:52.998,1.89213,1.89272,1.50,2.62
2015.05.14 20:31:55.209,1.89214,1.89271,1.00,1.00
2015.05.14 20:31:55.854,1.89213,1.89272,1.00,1.50
2015.05.14 20:31:57.098,1.89214,1.89271,1.00,1.00
2015.05.14 20:31:57.648,1.89213,1.89272,1.00,1.00
2015.05.14 20:32:12.037,1.89214,1.89271,1.00,1.00
2015.05.14 20:32:12.811,1.89212,1.89262,1.00,1.00
2015.05.14 20:32:12.963,1.89204,1.89261,1.00,1.00
2015.05.14 20:32:13.174,1.89208,1.89262,1.00,1.00
2015.05.14 20:32:13.377,1.89203,1.89262,1.00,1.50
2015.05.14 20:32:20.956,1.89209,1.89266,1.00,1.87
2015.05.14 20:32:21.467,1.89209,1.89266,1.00,1.37
2015.05.14 20:32:21.518,1.89209,1.89266,1.00,1.00
2015.05.14 20:32:22.161,1.89208,1.89267,1.00,1.00
2015.05.14 20:32:23.842,1.89213,1.89267,1.00,1.00
2015.05.14 20:32:24.056,1.89208,1.89267,1.00,1.00
2015.05.14 20:32:26.353,1.89209,1.89266,1.00,1.00
2015.05.14 20:32:28.647,1.89208,1.89267,1.00,1.50
2015.05.14 20:32:31.618,1.89209,1.89266,1.00,1.00
2015.05.14 20:32:32.276,1.89208,1.89267,1.00,1.00
2015.05.14 20:32:37.666,1.89209,1.89266,1.00,1.00
2015.05.14 20:32:39.140,1.89208,1.89267,1.00,1.00
2015.05.14 20:32:44.736,1.89208,1.89267,1.00,1.87
2015.05.14 20:32:45.004,1.89209,1.89266,1.00,1.00
2015.05.14 20:32:49.638,1.89209,1.89266,1.00,1.37
2015.05.14 20:32:50.157,1.89208,1.89267,1.00,1.87
2015.05.14 20:32:53.728,1.89213,1.89268,1.00,1.12
2015.05.14 20:32:56.277,1.89213,1.89263,1.00,1.00
2015.05.14 20:33:00.352,1.89213,1.89262,1.00,1.00
2015.05.14 20:33:03.469,1.89213,1.89263,1.00,1.00
2015.05.14 20:33:04.375,1.89213,1.89262,1.00,1.00
2015.05.14 20:33:04.890,1.89213,1.89263,1.00,1.00
2015.05.14 20:33:10.872,1.89213,1.89262,1.00,1.00
2015.05.14 20:33:11.453,1.89213,1.89263,1.00,1.00
2015.05.14 20:33:13.277,1.89213,1.89262,1.00,1.00
2015.05.14 20:33:14.087,1.89213,1.89263,1.00,1.00
2015.05.14 20:33:15.283,1.89213,1.89269,1.00,1.00
2015.05.14 20:33:15.795,1.89213,1.89268,1.00,1.00
2015.05.14 20:33:16.990,1.89213,1.89267,1.00,1.00
2015.05.14 20:33:17.792,1.89213,1.89268,1.00,1.00
2015.05.14 20:33:18.433,1.89213,1.89267,1.00,1.00
2015.05.14 20:33:18.665,1.89208,1.89267,1.00,1.00
2015.05.14 20:33:18.816,1.89203,1.89262,1.00,1.00
2015.05.14 20:33:23.352,1.89203,1.89261,1.00,1.00
2015.05.14 20:33:23.705,1.89203,1.89259,1.00,1.00
2015.05.14 20:33:24.235,1.89203,1.8926,1.00,1.00
2015.05.14 20:33:24.538,1.89203,1.89253,1.00,1.00
2015.05.14 20:33:24.951,1.89204,1.89257,1.00,1.50
2015.05.14 20:33:25.459,1.89204,1.89253,1.00,1.00
2015.05.14 20:33:26.019,1.89204,1.89252,1.00,1.00
2015.05.14 20:33:26.679,1.89204,1.89253,1.00,1.00
2015.05.14 20:33:28.283,1.89204,1.89252,1.00,1.00
2015.05.14 20:33:29.090,1.89204,1.89253,1.00,1.00
2015.05.14 20:33:30.293,1.89204,1.89252,1.00,1.00
2015.05.14 20:33:30.863,1.89204,1.89253,1.00,1.00
2015.05.14 20:33:32.108,1.89204,1.89252,1.00,1.00
2015.05.14 20:33:32.620,1.89204,1.89253,1.00,1.00
2015.05.14 20:33:33.569,1.89204,1.89252,1.00,1.00
2015.05.14 20:33:34.294,1.89204,1.89253,1.00,1.00
2015.05.14 20:33:36.279,1.89204,1.89252,1.00,1.00
2015.05.14 20:33:36.912,1.89204,1.89253,1.00,1.00
2015.05.14 20:33:38.317,1.89204,1.89252,1.00,1.00
2015.05.14 20:33:39.833,1.89204,1.89253,1.00,1.00
2015.05.14 20:33:40.535,1.89204,1.89252,1.00,1.00
2015.05.14 20:33:40.966,1.89208,1.89252,1.00,1.00
2015.05.14 20:33:41.532,1.89208,1.89253,1.00,1.00
2015.05.14 20:33:44.916,1.89208,1.89252,1.00,1.00
2015.05.14 20:33:45.207,1.89208,1.89258,1.00,1.00
2015.05.14 20:33:45.608,1.89208,1.89253,1.00,1.00
2015.05.14 20:33:47.228,1.89208,1.89252,1.00,1.00
2015.05.14 20:33:48.266,1.89208,1.89253,1.00,1.00
2015.05.14 20:33:49.271,1.89208,1.89252,1.00,1.00
2015.05.14 20:33:50.638,1.89208,1.89253,1.00,1.00
2015.05.14 20:33:51.152,1.89208,1.89252,1.00,1.00
2015.05.14 20:33:51.811,1.89208,1.89253,1.00,1.00
2015.05.14 20:33:52.675,1.89208,1.89252,1.00,1.00
2015.05.14 20:33:54.154,1.89208,1.89253,1.00,1.00
2015.05.14 20:33:54.692,1.89208,1.89252,1.00,1.00
2015.05.14 20:33:55.913,1.89203,1.89252,1.00,1.00
2015.05.14 20:33:56.434,1.89203,1.89253,1.00,1.00
2015.05.14 20:33:59.995,1.89203,1.89252,1.00,1.00
2015.05.14 20:34:00.398,1.89204,1.89259,1.00,1.37
2015.05.14 20:34:00.499,1.89204,1.89259,1.00,1.00
2015.05.14 20:34:00.651,1.89198,1.89257,1.00,1.00
2015.05.14 20:34:00.910,1.89198,1.89253,1.00,1.00
2015.05.14 20:34:01.608,1.89198,1.89252,1.00,1.00
2015.05.14 20:34:02.155,1.89198,1.89253,1.00,1.00
2015.05.14 20:34:02.695,1.89198,1.89252,1.00,1.00
2015.05.14 20:34:03.324,1.89198,1.89253,1.00,1.12
2015.05.14 20:34:04.204,1.89198,1.89252,1.00,1.12
2015.05.14 20:34:04.761,1.89199,1.89253,1.00,1.12
2015.05.14 20:34:06.373,1.89198,1.89253,1.00,1.00
2015.05.14 20:34:08.462,1.89198,1.89252,1.00,1.00
2015.05.14 20:34:09.255,1.89198,1.89253,1.00,1.12
2015.05.14 20:34:09.769,1.89198,1.89252,1.00,1.12
2015.05.14 20:34:11.238,1.89198,1.89253,1.00,1.12
2015.05.14 20:34:12.708,1.89198,1.89252,1.00,1.12
2015.05.14 20:34:13.264,1.89198,1.89253,1.00,1.12
2015.05.14 20:34:15.228,1.89198,1.89252,1.00,1.12
2015.05.14 20:34:15.765,1.89198,1.89253,1.00,1.12
2015.05.14 20:34:16.197,1.89203,1.89253,1.00,1.12
2015.05.14 20:34:17.238,1.89203,1.89252,1.00,1.00
2015.05.14 20:34:17.857,1.89203,1.89253,1.00,1.00
2015.05.14 20:34:19.255,1.89203,1.89252,1.00,1.00
2015.05.14 20:34:19.757,1.89203,1.89253,1.00,1.00
2015.05.14 20:34:20.304,1.89203,1.89252,1.00,1.00
2015.05.14 20:34:20.847,1.89203,1.89253,1.00,1.00
2015.05.14 20:34:29.822,1.89203,1.89252,1.00,1.00
2015.05.14 20:34:30.325,1.89203,1.89253,1.00,1.00
2015.05.14 20:34:30.854,1.89203,1.89252,1.00,1.12
2015.05.14 20:34:31.931,1.89203,1.89253,1.00,1.00
2015.05.14 20:34:34.329,1.89203,1.89252,1.00,1.00
2015.05.14 20:34:34.939,1.89203,1.89253,1.00,1.00
2015.05.14 20:34:37.078,1.89203,1.89252,1.00,1.00
2015.05.14 20:34:37.452,1.89203,1.89257,1.00,1.12
2015.05.14 20:34:37.975,1.89203,1.89253,1.00,1.12
2015.05.14 20:34:38.610,1.89203,1.89252,1.00,1.00
2015.05.14 20:34:39.158,1.89203,1.89253,1.00,1.00
2015.05.14 20:34:46.834,1.89203,1.89252,1.00,1.12
2015.05.14 20:34:48.748,1.89203,1.89253,1.00,1.12
2015.05.14 20:34:49.335,1.89203,1.89258,1.00,1.50
2015.05.14 20:34:50.205,1.89203,1.89247,1.00,1.00
2015.05.14 20:34:50.732,1.89203,1.89248,1.00,1.00
2015.05.14 20:34:52.555,1.89203,1.89247,1.00,1.00
2015.05.14 20:34:53.057,1.89203,1.89248,1.00,1.00
2015.05.14 20:34:53.962,1.89203,1.89247,1.00,1.00
2015.05.14 20:34:54.563,1.89203,1.89248,1.00,1.00
2015.05.14 20:34:56.071,1.89203,1.89247,1.00,1.00
2015.05.14 20:34:56.391,1.89209,1.89248,1.00,1.00
2015.05.14 20:34:56.442,1.89209,1.89253,1.00,1.00
2015.05.14 20:34:56.614,1.89198,1.89253,1.00,1.00
2015.05.14 20:34:56.665,1.89198,1.89257,1.00,1.00
2015.05.14 20:34:56.942,1.89198,1.89253,1.00,1.00
2015.05.14 20:34:57.043,1.89198,1.89257,1.00,2.62
2015.05.14 20:34:57.780,1.89198,1.89252,1.00,1.00
2015.05.14 20:34:59.074,1.89198,1.89255,1.00,1.00
2015.05.14 20:34:59.581,1.89198,1.89253,1.00,1.00
2015.05.14 20:35:00.193,1.89198,1.89252,1.00,1.00
2015.05.14 20:35:00.773,1.89198,1.89253,1.00,1.00
2015.05.14 20:35:01.004,1.89198,1.89256,1.00,1.00
2015.05.14 20:35:01.120,1.89193,1.89252,1.00,1.00
2015.05.14 20:35:01.625,1.89194,1.89251,1.00,1.00
2015.05.14 20:35:06.612,1.89188,1.89247,1.00,1.00
2015.05.14 20:35:17.644,1.89193,1.89252,1.00,1.00
2015.05.14 20:35:17.980,1.89188,1.89247,1.50,1.00
2015.05.14 20:35:18.682,1.89193,1.89252,1.00,1.00
2015.05.14 20:35:19.024,1.89188,1.89247,1.50,1.00
2015.05.14 20:35:20.285,1.89193,1.89252,1.00,1.00
2015.05.14 20:35:20.638,1.89189,1.89246,1.00,1.00
2015.05.14 20:35:23.609,1.89194,1.89251,1.00,1.00
2015.05.14 20:35:23.811,1.89188,1.89247,1.00,1.00
2015.05.14 20:35:24.904,1.89193,1.89252,1.00,1.12
2015.05.14 20:35:25.437,1.89188,1.89247,1.50,1.00
2015.05.14 20:35:26.671,1.89193,1.89252,1.00,1.00
2015.05.14 20:35:26.974,1.89188,1.89247,1.00,1.00
2015.05.14 20:35:32.612,1.89193,1.89252,1.00,1.00
2015.05.14 20:35:39.881,1.89188,1.89247,1.00,1.00
2015.05.14 20:35:41.864,1.89193,1.89257,1.00,1.00
2015.05.14 20:35:42.066,1.89193,1.89259,1.00,1.00
2015.05.14 20:35:43.052,1.89193,1.8926,1.00,1.00
2015.05.14 20:35:44.009,1.89193,1.89259,1.00,1.00
2015.05.14 20:35:44.612,1.89193,1.8926,1.00,1.00
2015.05.14 20:35:45.272,1.89193,1.89259,1.00,1.00
2015.05.14 20:35:45.817,1.89193,1.8926,1.00,1.00
2015.05.14 20:35:46.921,1.89193,1.89259,1.00,1.00
2015.05.14 20:35:47.630,1.89193,1.8926,1.00,1.00
2015.05.14 20:35:49.332,1.89193,1.8926,1.00,1.37
2015.05.14 20:35:49.925,1.89193,1.8926,1.00,1.37
2015.05.14 20:35:50.514,1.89193,1.8926,1.00,1.37
2015.05.14 20:35:51.043,1.89194,1.89258,1.00,1.12
2015.05.14 20:35:51.576,1.89193,1.89258,1.00,1.37
2015.05.14 20:35:52.139,1.89193,1.89258,1.00,1.87
2015.05.14 20:35:56.728,1.89193,1.89257,1.50,1.00
2015.05.14 20:35:57.529,1.89193,1.89258,2.25,1.00
2015.05.14 20:35:59.934,1.89198,1.89258,1.00,1.00
2015.05.14 20:36:03.453,1.89199,1.89258,1.00,1.00
2015.05.14 20:36:05.647,1.89199,1.89257,1.00,1.00
2015.05.14 20:36:06.974,1.89199,1.89258,1.00,1.00
2015.05.14 20:36:07.594,1.89198,1.89258,1.00,1.00
2015.05.14 20:36:10.156,1.89198,1.89263,1.00,2.62
2015.05.14 20:36:12.405,1.89198,1.89262,1.00,1.00
2015.05.14 20:36:12.761,1.89204,1.89263,1.00,3.00
2015.05.14 20:36:13.484,1.89204,1.89262,1.00,1.00
2015.05.14 20:36:13.878,1.89198,1.89263,1.00,2.25
2015.05.14 20:36:15.428,1.89198,1.89262,1.00,1.87
2015.05.14 20:36:16.172,1.89198,1.89263,1.00,1.87
2015.05.14 20:36:18.620,1.89193,1.89262,1.00,1.87
2015.05.14 20:36:20.719,1.89198,1.89266,1.00,2.62
2015.05.14 20:36:20.850,1.89194,1.89262,1.00,1.87
2015.05.14 20:36:21.377,1.89198,1.89263,1.00,1.12
2015.05.14 20:36:21.999,1.89198,1.89262,1.00,1.12
2015.05.14 20:36:22.503,1.89199,1.89262,1.00,1.12
2015.05.14 20:36:22.878,1.89213,1.89262,1.00,1.12
2015.05.14 20:36:23.131,1.89198,1.89262,1.00,1.00
2015.05.14 20:36:23.333,1.89194,1.89256,1.00,1.00
2015.05.14 20:36:23.574,1.89194,1.89261,1.50,1.00
2015.05.14 20:36:24.654,1.89194,1.89257,1.00,1.00
2015.05.14 20:36:24.869,1.89194,1.89262,1.00,1.00
2015.05.14 20:36:25.073,1.89194,1.89256,1.00,1.00
2015.05.14 20:36:26.301,1.89197,1.89256,1.00,1.00
2015.05.14 20:36:27.612,1.89198,1.89256,1.00,1.00
2015.05.14 20:36:28.169,1.89197,1.89256,1.00,1.00
2015.05.14 20:36:28.925,1.89197,1.89257,1.00,1.00
2015.05.14 20:36:29.076,1.89198,1.89262,1.00,1.50
2015.05.14 20:36:29.774,1.89197,1.89262,1.00,1.00
2015.05.14 20:36:31.167,1.89198,1.89262,1.00,1.50
2015.05.14 20:36:31.342,1.89198,1.89256,1.00,1.00
2015.05.14 20:36:31.800,1.89198,1.89262,1.00,1.50
2015.05.14 20:36:32.453,1.89198,1.89261,1.00,1.00
2015.05.14 20:36:32.988,1.89198,1.89262,1.00,1.87
2015.05.14 20:36:33.556,1.89197,1.89262,1.00,1.00
2015.05.14 20:36:34.751,1.89198,1.89262,1.00,1.50
2015.05.14 20:36:35.282,1.89197,1.89261,1.00,1.00
2015.05.14 20:36:35.383,1.89192,1.89261,1.00,1.37
2015.05.14 20:36:35.536,1.89174,1.89252,1.00,1.38
2015.05.14 20:36:35.587,1.89174,1.89252,1.00,2.26
2015.05.14 20:36:35.839,1.89167,1.89244,1.00,1.87
2015.05.14 20:36:35.890,1.89193,1.89243,1.00,1.12
2015.05.14 20:36:36.041,1.89193,1.89247,1.00,1.00
2015.05.14 20:36:36.324,1.89189,1.89247,1.00,1.00
2015.05.14 20:36:36.862,1.89189,1.89248,1.00,1.00
2015.05.14 20:36:37.014,1.89189,1.89251,1.00,1.00
2015.05.14 20:36:37.115,1.89179,1.8925,1.50,1.00
2015.05.14 20:36:37.266,1.89176,1.8925,1.00,1.00
2015.05.14 20:36:37.384,1.89172,1.89249,1.00,1.00
2015.05.14 20:36:37.434,1.89172,1.89243,1.00,1.00
2015.05.14 20:36:37.485,1.89168,1.89243,1.37,1.37
2015.05.14 20:36:37.536,1.89168,1.89242,1.00,1.12
2015.05.14 20:36:37.636,1.89166,1.89242,1.00,1.51
2015.05.14 20:36:37.687,1.89166,1.89238,1.00,1.37
2015.05.14 20:36:37.738,1.89155,1.89224,1.00,1.76
2015.05.14 20:36:37.839,1.89147,1.89225,1.00,2.62
2015.05.14 20:36:37.940,1.89133,1.89211,1.37,1.00
2015.05.14 20:36:37.990,1.89133,1.89211,1.37,1.37
2015.05.14 20:36:38.041,1.89135,1.89196,1.00,1.37
2015.05.14 20:36:38.092,1.89135,1.89191,1.00,1.37
2015.05.14 20:36:38.219,1.89126,1.89187,1.50,1.00
2015.05.14 20:36:38.320,1.89119,1.89187,1.00,1.00
2015.05.14 20:36:38.471,1.89117,1.89187,1.00,1.00
2015.05.14 20:36:38.522,1.89113,1.89186,1.00,1.00
2015.05.14 20:36:38.573,1.8911,1.89186,1.37,1.00
2015.05.14 20:36:38.624,1.8911,1.89122,1.00,1.00
2015.05.14 20:36:38.725,1.89096,1.89117,1.12,1.00
2015.05.14 20:36:38.776,1.89071,1.89117,1.00,1.87
2015.05.14 20:36:38.877,1.8907,1.89122,1.37,1.00
2015.05.14 20:36:38.928,1.89065,1.89129,1.37,1.00
2015.05.14 20:36:39.046,1.89065,1.8913,1.37,1.00
2015.05.14 20:36:39.097,1.89065,1.8913,1.37,1.00
2015.05.14 20:36:39.147,1.89066,1.89134,1.37,1.00
2015.05.14 20:36:39.198,1.89066,1.89134,1.37,1.00
2015.05.14 20:36:39.249,1.89066,1.89142,1.87,1.00
2015.05.14 20:36:39.350,1.89082,1.89142,1.00,1.00
2015.05.14 20:36:39.451,1.89072,1.89141,1.00,1.00
2015.05.14 20:36:39.552,1.8908,1.89142,1.00,1.00
2015.05.14 20:36:39.899,1.8908,1.89145,1.00,1.00
2015.05.14 20:36:39.951,1.89072,1.89144,1.37,1.00
2015.05.14 20:36:40.002,1.89072,1.89144,1.37,1.00
2015.05.14 20:36:40.153,1.89078,1.89155,1.37,1.00
2015.05.14 20:36:40.657,1.89087,1.89156,1.12,1.00
2015.05.14 20:36:40.910,1.89091,1.89155,1.37,1.00
2015.05.14 20:36:40.967,1.89091,1.89165,1.37,1.00
2015.05.14 20:36:41.017,1.89091,1.89163,1.37,1.00
2015.05.14 20:36:41.530,1.89093,1.89162,1.12,1.00
2015.05.14 20:36:42.047,1.89091,1.89163,1.37,1.00
2015.05.14 20:36:42.648,1.89095,1.89163,1.00,1.00
2015.05.14 20:36:42.900,1.89091,1.89167,1.37,1.50
2015.05.14 20:36:43.153,1.89114,1.89167,1.00,1.50
2015.05.14 20:36:43.934,1.89114,1.89163,1.00,1.00
2015.05.14 20:36:44.479,1.89114,1.89162,1.00,1.00
2015.05.14 20:36:44.580,1.89108,1.89162,1.00,1.00
2015.05.14 20:36:45.129,1.89109,1.89163,1.00,1.00
2015.05.14 20:36:45.553,1.89109,1.89168,1.00,1.00
2015.05.14 20:36:46.091,1.89109,1.89167,1.00,1.00
2015.05.14 20:36:46.818,1.89109,1.89168,1.00,1.50
2015.05.14 20:36:47.352,1.89109,1.89167,1.00,1.00
2015.05.14 20:36:47.656,1.89103,1.89156,1.00,1.00
2015.05.14 20:36:47.808,1.89092,1.89156,1.00,1.00
2015.05.14 20:36:47.959,1.89089,1.89156,1.00,1.00
2015.05.14 20:36:48.227,1.89089,1.89153,1.00,1.00
2015.05.14 20:36:48.429,1.89093,1.89162,1.00,1.12
2015.05.14 20:36:48.631,1.89098,1.89167,1.00,1.37
2015.05.14 20:36:48.974,1.89098,1.89158,1.00,1.00
2015.05.14 20:36:49.314,1.89113,1.89168,1.00,1.50
2015.05.14 20:36:49.416,1.89108,1.89167,1.00,1.00
2015.05.14 20:36:49.517,1.89108,1.89172,1.00,1.00
2015.05.14 20:36:49.618,1.89113,1.89171,1.00,1.00
2015.05.14 20:36:50.131,1.89114,1.89171,1.00,1.00
2015.05.14 20:36:51.387,1.89109,1.89171,1.00,1.00
2015.05.14 20:36:51.589,1.89114,1.89171,1.00,1.00
2015.05.14 20:36:51.803,1.89109,1.89171,1.00,1.00
2015.05.14 20:36:54.552,1.89113,1.89171,1.00,1.00
2015.05.14 20:36:54.772,1.89109,1.89171,1.50,1.00
2015.05.14 20:36:55.984,1.89109,1.89172,1.00,1.00
2015.05.14 20:36:56.135,1.89113,1.89172,1.00,1.00
2015.05.14 20:36:57.320,1.89114,1.89172,1.00,1.00
2015.05.14 20:36:58.061,1.89114,1.89165,1.00,1.00
2015.05.14 20:36:58.364,1.89092,1.89147,1.00,1.00
2015.05.14 20:36:58.415,1.89081,1.89147,1.00,1.00
2015.05.14 20:36:58.516,1.89078,1.89147,1.00,1.00
2015.05.14 20:36:58.668,1.89089,1.89155,1.00,1.37
2015.05.14 20:36:58.718,1.89089,1.89156,1.00,1.50
2015.05.14 20:36:58.971,1.89088,1.89163,1.12,1.00
2015.05.14 20:36:59.125,1.89092,1.89163,1.00,1.00
2015.05.14 20:36:59.427,1.89108,1.89172,1.00,1.00
2015.05.14 20:37:00.032,1.89109,1.89172,1.00,1.00
2015.05.14 20:37:00.567,1.8911,1.89172,1.00,1.00
2015.05.14 20:37:01.676,1.89109,1.89171,1.00,1.00
2015.05.14 20:37:02.225,1.89109,1.89172,1.00,1.00
2015.05.14 20:37:03.501,1.89109,1.89169,1.00,1.00
2015.05.14 20:37:03.602,1.89107,1.8917,1.00,1.50
2015.05.14 20:37:03.955,1.89106,1.89168,1.50,1.00
2015.05.14 20:37:04.473,1.89106,1.89167,1.50,1.00
2015.05.14 20:37:04.982,1.89106,1.89168,1.50,1.00
2015.05.14 20:37:06.294,1.89105,1.89153,1.00,1.00
2015.05.14 20:37:06.446,1.8909,1.89147,1.12,1.00
2015.05.14 20:37:06.547,1.8908,1.89147,1.00,1.00
2015.05.14 20:37:07.605,1.8908,1.89137,1.00,1.00
2015.05.14 20:37:08.141,1.8908,1.89138,1.00,1.00
2015.05.14 20:37:08.662,1.8908,1.89137,1.00,1.00
2015.05.14 20:37:10.001,1.8908,1.89133,1.00,1.00
2015.05.14 20:37:10.659,1.8908,1.89132,1.00,1.00
2015.05.14 20:37:11.375,1.8908,1.89133,1.00,1.00
2015.05.14 20:37:11.980,1.8908,1.89132,1.00,1.00
2015.05.14 20:37:12.533,1.8908,1.89133,1.00,1.00
2015.05.14 20:37:14.181,1.89082,1.89133,1.00,1.00
2015.05.14 20:37:14.541,1.89086,1.89132,1.00,1.00
2015.05.14 20:37:15.101,1.89086,1.89133,1.00,1.00
2015.05.14 20:37:16.232,1.89086,1.89132,1.00,1.00
2015.05.14 20:37:17.192,1.89083,1.89132,1.00,1.00
2015.05.14 20:37:17.243,1.8908,1.89133,1.00,1.00
2015.05.14 20:37:18.004,1.8908,1.89132,1.00,1.00
2015.05.14 20:37:18.648,1.8908,1.89133,1.00,1.00
2015.05.14 20:37:19.335,1.8908,1.89132,1.00,1.00
2015.05.14 20:37:19.952,1.8908,1.89133,1.00,1.00
2015.05.14 20:37:20.658,1.8908,1.89132,1.00,1.00
2015.05.14 20:37:20.873,1.89083,1.89132,1.00,1.00
2015.05.14 20:37:20.923,1.89084,1.89151,1.00,1.00
2015.05.14 20:37:21.125,1.89093,1.89151,1.37,1.00
2015.05.14 20:37:21.176,1.89093,1.89159,1.37,2.25
2015.05.14 20:37:21.295,1.89099,1.89159,1.00,1.00
2015.05.14 20:37:21.345,1.89099,1.89167,1.37,1.00
2015.05.14 20:37:21.447,1.89099,1.8917,1.37,1.50
2015.05.14 20:37:21.663,1.89103,1.8917,1.00,1.50
2015.05.14 20:37:21.815,1.89101,1.8917,1.00,1.50
2015.05.14 20:37:21.966,1.89101,1.89168,1.00,1.00
2015.05.14 20:37:22.660,1.89101,1.89167,1.00,1.00
2015.05.14 20:37:23.173,1.89101,1.89168,1.00,1.00
2015.05.14 20:37:24.029,1.89101,1.89167,1.00,1.00
2015.05.14 20:37:24.592,1.89101,1.89168,1.00,1.00
2015.05.14 20:37:25.231,1.89103,1.89167,1.00,1.00
2015.05.14 20:37:25.978,1.89102,1.89168,1.00,1.00
2015.05.14 20:37:27.940,1.89103,1.89167,1.00,1.00
2015.05.14 20:37:28.542,1.89102,1.89168,1.00,1.00
2015.05.14 20:37:30.113,1.89102,1.89151,1.00,1.00
2015.05.14 20:37:30.163,1.89097,1.89151,1.00,1.00
2015.05.14 20:37:30.385,1.89094,1.89151,1.00,1.00
2015.05.14 20:37:30.436,1.89092,1.89151,1.50,1.00
2015.05.14 20:37:30.958,1.89092,1.89148,1.50,1.00
2015.05.14 20:37:31.628,1.89093,1.89148,1.00,1.00
2015.05.14 20:37:32.184,1.89093,1.89147,1.00,1.00
2015.05.14 20:37:32.688,1.89093,1.89148,1.00,1.00
2015.05.14 20:37:33.229,1.89092,1.89148,1.00,1.00
2015.05.14 20:37:34.001,1.89092,1.89147,1.00,1.00
2015.05.14 20:37:34.304,1.89094,1.89148,1.00,1.00
2015.05.14 20:37:36.308,1.89094,1.89147,1.00,1.00
2015.05.14 20:37:36.940,1.89094,1.89148,1.00,1.00
2015.05.14 20:37:37.563,1.89094,1.89147,1.00,1.00
2015.05.14 20:37:38.078,1.89094,1.89148,1.00,1.00
2015.05.14 20:37:38.733,1.89092,1.89148,1.00,1.00
2015.05.14 20:37:39.728,1.89093,1.89147,1.00,1.00
2015.05.14 20:37:40.331,1.89092,1.89148,1.00,1.00
2015.05.14 20:37:40.701,1.89087,1.89148,1.00,1.00
2015.05.14 20:37:41.236,1.89093,1.89147,1.00,1.00
2015.05.14 20:37:41.991,1.89092,1.89148,1.00,1.00
2015.05.14 20:37:42.945,1.89093,1.89147,1.00,1.00
2015.05.14 20:37:43.549,1.89092,1.89148,1.00,1.00
2015.05.14 20:37:43.912,1.89092,1.89162,1.50,1.00
2015.05.14 20:37:44.064,1.89093,1.89166,1.00,1.50
2015.05.14 20:37:44.215,1.89092,1.89167,2.62,1.50
2015.05.14 20:37:44.316,1.89094,1.89167,1.00,1.50
2015.05.14 20:37:44.756,1.89094,1.89163,1.00,1.00
2015.05.14 20:37:45.159,1.89094,1.89167,1.50,1.00
2015.05.14 20:37:45.343,1.89097,1.89167,1.00,1.00
2015.05.14 20:37:45.444,1.89094,1.89167,1.50,1.00
2015.05.14 20:37:45.495,1.89096,1.89167,1.00,1.00
2015.05.14 20:37:46.465,1.89097,1.89166,1.00,1.00
2015.05.14 20:37:46.967,1.89097,1.89167,1.00,1.00
2015.05.14 20:37:47.470,1.89097,1.89168,1.50,1.50
2015.05.14 20:37:48.341,1.89097,1.89158,1.50,1.00
2015.05.14 20:37:48.593,1.89084,1.89153,1.00,1.00
2015.05.14 20:37:48.708,1.89091,1.89159,1.00,1.37
2015.05.14 20:37:49.067,1.89092,1.89167,1.00,1.00
2015.05.14 20:37:49.421,1.89095,1.89168,1.00,1.00
2015.05.14 20:37:49.780,1.89098,1.89167,2.25,1.50
2015.05.14 20:37:51.582,1.89098,1.89167,1.50,1.87
2015.05.14 20:37:51.794,1.89077,1.89142,1.37,1.37
2015.05.14 20:37:51.895,1.89078,1.89147,1.12,1.12
2015.05.14 20:37:52.342,1.89073,1.89142,1.00,1.00
2015.05.14 20:37:52.681,1.89077,1.89138,1.00,1.00
2015.05.14 20:37:53.224,1.89078,1.89137,1.00,1.00
2015.05.14 20:37:53.749,1.89077,1.89138,1.00,1.00
2015.05.14 20:37:54.502,1.89078,1.89137,1.00,1.00
2015.05.14 20:37:54.803,1.89077,1.89142,1.00,1.00
2015.05.14 20:37:55.305,1.89077,1.89133,1.00,1.00
2015.05.14 20:37:56.108,1.89077,1.89142,1.00,1.00
2015.05.14 20:37:56.512,1.89077,1.89138,1.00,1.00
2015.05.14 20:37:57.828,1.89078,1.89137,1.12,1.00
2015.05.14 20:37:58.534,1.89077,1.89138,1.00,1.00
2015.05.14 20:37:59.243,1.89078,1.89137,1.00,1.00
2015.05.14 20:37:59.745,1.89077,1.89138,1.00,1.00
2015.05.14 20:38:00.610,1.89075,1.89138,1.12,1.00
2015.05.14 20:38:01.050,1.89077,1.89138,1.00,1.00
2015.05.14 20:38:01.552,1.89078,1.89137,1.00,1.00
2015.05.14 20:38:02.091,1.89079,1.89138,1.00,1.00
2015.05.14 20:38:02.632,1.89078,1.89138,1.00,1.00
2015.05.14 20:38:06.252,1.89078,1.89137,1.50,1.00
2015.05.14 20:38:06.834,1.89078,1.89138,1.00,1.00
2015.05.14 20:38:07.626,1.89077,1.89138,1.12,1.00
2015.05.14 20:38:08.155,1.89078,1.89137,1.00,1.00
2015.05.14 20:38:08.683,1.89077,1.89138,1.00,1.00
2015.05.14 20:38:09.234,1.89078,1.89137,1.00,1.00
2015.05.14 20:38:09.285,1.89074,1.89137,1.00,1.00
2015.05.14 20:38:09.686,1.89074,1.89138,1.37,1.00
2015.05.14 20:38:10.591,1.89074,1.89138,1.00,1.00
2015.05.14 20:38:11.110,1.89073,1.89136,1.12,1.00
2015.05.14 20:38:11.478,1.89073,1.89151,1.75,1.00
2015.05.14 20:38:11.680,1.89083,1.89151,2.25,1.00
2015.05.14 20:38:11.731,1.89083,1.89162,2.25,1.45
2015.05.14 20:38:11.832,1.89088,1.89168,1.76,1.00
2015.05.14 20:38:11.933,1.89095,1.89171,1.00,1.00
2015.05.14 20:38:12.084,1.89098,1.89171,1.12,1.00
2015.05.14 20:38:12.387,1.89098,1.89167,1.87,1.00
2015.05.14 20:38:12.935,1.89098,1.89168,1.87,1.00
2015.05.14 20:38:13.438,1.89098,1.89167,1.87,1.00
2015.05.14 20:38:13.741,1.89096,1.89167,1.75,1.00
2015.05.14 20:38:14.244,1.89097,1.89168,1.37,1.00
2015.05.14 20:38:14.753,1.89097,1.89168,1.37,1.00
2015.05.14 20:38:15.701,1.89097,1.89167,1.37,1.00
2015.05.14 20:38:16.223,1.89097,1.89168,1.37,1.00
2015.05.14 20:38:17.306,1.891,1.89167,1.00,1.00
2015.05.14 20:38:18.223,1.891,1.89168,1.00,1.00
2015.05.14 20:38:18.758,1.891,1.89167,1.00,1.00
2015.05.14 20:38:19.315,1.891,1.89168,1.00,1.00
2015.05.14 20:38:22.329,1.891,1.89167,1.00,1.00
2015.05.14 20:38:22.734,1.89096,1.89168,1.00,1.00
2015.05.14 20:38:23.266,1.89097,1.89168,1.12,1.00
2015.05.14 20:38:23.543,1.89099,1.89167,1.00,1.00
2015.05.14 20:38:23.644,1.891,1.89171,1.00,1.00
2015.05.14 20:38:24.099,1.89103,1.89172,1.12,1.00
2015.05.14 20:38:25.250,1.89105,1.89172,1.00,1.00
2015.05.14 20:38:25.300,1.89105,1.89176,1.00,1.50
2015.05.14 20:38:25.906,1.89109,1.89176,1.00,1.50
2015.05.14 20:38:27.409,1.89112,1.89176,1.00,1.00
2015.05.14 20:38:29.610,1.89112,1.89157,1.12,1.00
2015.05.14 20:38:29.711,1.89099,1.89157,1.00,1.12
2015.05.14 20:38:29.812,1.89086,1.89161,1.00,1.37
2015.05.14 20:38:29.913,1.89094,1.8917,1.00,1.37
2015.05.14 20:38:30.014,1.89097,1.89172,1.00,1.50
2015.05.14 20:38:30.317,1.89104,1.89172,1.00,1.00
2015.05.14 20:38:30.741,1.89101,1.89174,1.37,1.00
2015.05.14 20:38:30.842,1.89101,1.89174,1.00,1.00
2015.05.14 20:38:32.359,1.89101,1.89152,1.00,1.00
2015.05.14 20:38:32.461,1.89099,1.89152,1.00,1.00
2015.05.14 20:38:32.562,1.891,1.89159,1.00,1.37
2015.05.14 20:38:32.663,1.89091,1.89167,1.00,1.82
2015.05.14 20:38:32.764,1.89092,1.89167,1.00,1.00
2015.05.14 20:38:32.871,1.89095,1.89167,1.00,1.00
2015.05.14 20:38:33.425,1.89098,1.8917,1.00,1.00
2015.05.14 20:38:33.526,1.89098,1.89174,1.00,1.37
2015.05.14 20:38:34.098,1.89099,1.89174,1.00,1.37
2015.05.14 20:38:34.550,1.89098,1.89141,1.12,1.00
2015.05.14 20:38:34.714,1.89095,1.89141,1.00,1.00
2015.05.14 20:38:34.866,1.89071,1.89141,1.87,1.00
2015.05.14 20:38:34.917,1.89071,1.89147,1.50,1.12
2015.05.14 20:38:35.851,1.89072,1.89147,1.00,1.00
2015.05.14 20:38:36.053,1.89074,1.89147,1.00,1.00
2015.05.14 20:38:36.408,1.89071,1.89147,1.50,1.00
2015.05.14 20:38:36.835,1.89082,1.89147,1.00,1.00
2015.05.14 20:38:36.987,1.89094,1.89161,1.00,1.00
2015.05.14 20:38:37.088,1.89098,1.8917,1.00,1.10
2015.05.14 20:38:37.189,1.89101,1.8917,1.00,1.00
2015.05.14 20:38:37.341,1.89101,1.89175,1.00,1.00
2015.05.14 20:38:37.593,1.89099,1.89175,1.00,1.00
2015.05.14 20:38:37.644,1.89099,1.89171,1.00,1.00
2015.05.14 20:38:37.964,1.89105,1.89171,1.00,1.00
2015.05.14 20:38:39.379,1.89105,1.89172,1.00,1.00
2015.05.14 20:38:41.158,1.89108,1.89172,1.00,1.00
2015.05.14 20:38:43.890,1.89107,1.89172,1.00,1.00
2015.05.14 20:38:46.736,1.89103,1.89172,1.00,1.00
2015.05.14 20:38:47.207,1.89106,1.89172,1.00,1.00
2015.05.14 20:38:47.709,1.89104,1.89172,1.00,1.00
2015.05.14 20:38:48.062,1.89107,1.89172,1.00,1.12
2015.05.14 20:38:48.571,1.89107,1.89169,1.00,1.00
2015.05.14 20:38:48.621,1.89104,1.89169,1.00,1.00
2015.05.14 20:38:48.722,1.89102,1.89168,1.00,1.00
2015.05.14 20:38:48.773,1.89102,1.89172,1.00,1.00
2015.05.14 20:38:48.823,1.89104,1.89172,1.00,1.00
2015.05.14 20:38:49.335,1.89103,1.89172,1.00,1.00
2015.05.14 20:38:49.638,1.89105,1.89172,1.00,1.00
2015.05.14 20:38:50.347,1.89105,1.89168,1.00,1.00
2015.05.14 20:38:50.449,1.89104,1.89172,1.00,1.00
2015.05.14 20:38:50.550,1.89102,1.89172,1.00,1.12
2015.05.14 20:38:50.601,1.89105,1.89172,1.00,1.12
2015.05.14 20:38:51.695,1.89106,1.89172,1.00,1.12
2015.05.14 20:38:52.199,1.89105,1.89172,1.00,1.00
2015.05.14 20:38:54.439,1.89104,1.89172,1.00,1.00
2015.05.14 20:38:54.743,1.89079,1.89142,1.50,1.00
2015.05.14 20:38:55.272,1.89078,1.89138,1.00,1.00
2015.05.14 20:38:55.786,1.89078,1.89137,1.12,1.00
2015.05.14 20:38:56.480,1.89078,1.89138,1.50,1.00
2015.05.14 20:38:57.194,1.89078,1.89137,1.87,1.00
2015.05.14 20:38:57.807,1.89078,1.89138,1.00,1.00
2015.05.14 20:38:58.802,1.89078,1.89137,1.87,1.00
2015.05.14 20:38:59.413,1.89078,1.89138,1.00,1.00
2015.05.14 20:38:59.908,1.89077,1.89142,1.12,1.00
2015.05.14 20:39:00.289,1.89076,1.89142,1.37,1.00
2015.05.14 20:39:01.161,1.89078,1.89147,1.37,1.00
2015.05.14 20:39:01.930,1.89078,1.89147,1.87,1.50
2015.05.14 20:39:03.038,1.89078,1.89147,1.37,1.00
2015.05.14 20:39:04.338,1.89078,1.89147,1.87,1.50
2015.05.14 20:39:05.065,1.89078,1.89147,1.37,1.00
2015.05.14 20:39:05.562,1.89077,1.89142,1.37,1.00
2015.05.14 20:39:05.642,1.89078,1.89142,1.12,1.00
2015.05.14 20:39:06.267,1.89077,1.89142,1.12,1.00
2015.05.14 20:39:07.650,1.89077,1.89142,1.37,1.00
2015.05.14 20:39:09.583,1.89078,1.89142,1.37,1.00
2015.05.14 20:39:10.287,1.89077,1.89142,1.37,1.00
2015.05.14 20:39:10.862,1.89077,1.89142,1.00,1.00
2015.05.14 20:39:11.391,1.89077,1.89141,1.00,1.00
2015.05.14 20:39:12.503,1.89082,1.89141,1.00,1.00
2015.05.14 20:39:13.006,1.89083,1.89141,1.00,1.00
2015.05.14 20:39:13.391,1.89083,1.89126,1.00,1.00
2015.05.14 20:39:13.442,1.89079,1.89126,1.00,1.00
2015.05.14 20:39:13.575,1.89074,1.89126,1.00,1.00
2015.05.14 20:39:13.912,1.89072,1.89127,1.87,1.00
2015.05.14 20:39:14.064,1.89069,1.89131,1.00,1.00
2015.05.14 20:39:14.216,1.8907,1.89137,1.37,1.00
2015.05.14 20:39:14.368,1.89073,1.89142,1.00,1.00
2015.05.14 20:39:14.643,1.89073,1.89142,1.87,1.00
2015.05.14 20:39:15.679,1.89074,1.89142,1.37,1.00
2015.05.14 20:39:15.982,1.89075,1.89127,1.00,1.00
2015.05.14 20:39:16.032,1.89072,1.89127,1.12,1.00
2015.05.14 20:39:16.134,1.89072,1.89122,1.12,1.00
2015.05.14 20:39:16.766,1.89071,1.89122,1.37,1.00
2015.05.14 20:39:17.271,1.89069,1.89122,1.37,1.00
2015.05.14 20:39:17.574,1.89069,1.89126,1.37,1.00
2015.05.14 20:39:17.676,1.8907,1.89122,1.37,1.00
2015.05.14 20:39:17.893,1.8907,1.89127,2.62,1.00
2015.05.14 20:39:18.769,1.89069,1.89127,1.87,1.50
2015.05.14 20:39:19.286,1.8907,1.89127,1.87,1.00
2015.05.14 20:39:19.760,1.89077,1.89127,1.00,1.00
2015.05.14 20:39:21.512,1.89077,1.89126,1.00,1.00
2015.05.14 20:39:21.614,1.8907,1.89126,1.87,1.00
2015.05.14 20:39:22.157,1.89073,1.89127,1.12,1.50
2015.05.14 20:39:22.590,1.89071,1.89127,1.00,1.00
2015.05.14 20:39:22.943,1.89069,1.89127,1.00,1.00
2015.05.14 20:39:23.045,1.89071,1.89127,1.00,1.00
2015.05.14 20:39:23.146,1.89069,1.89127,1.00,1.00
2015.05.14 20:39:23.600,1.89069,1.89126,1.37,1.00
2015.05.14 20:39:23.953,1.89071,1.89126,1.00,1.00
2015.05.14 20:39:24.155,1.89071,1.89126,1.37,1.50
2015.05.14 20:39:24.660,1.8907,1.89127,1.37,2.25
2015.05.14 20:39:24.962,1.89071,1.89127,1.00,1.00
2015.05.14 20:39:25.498,1.89071,1.89126,1.00,1.00
2015.05.14 20:39:26.052,1.89071,1.89125,1.00,1.00
2015.05.14 20:39:26.153,1.89071,1.89127,1.00,1.00
2015.05.14 20:39:26.485,1.89071,1.89127,1.37,1.50
2015.05.14 20:39:27.021,1.8907,1.89126,1.37,1.00
2015.05.14 20:39:28.205,1.8907,1.89126,1.37,1.00
2015.05.14 20:39:28.407,1.8907,1.89126,1.00,1.00
2015.05.14 20:39:28.458,1.89072,1.89126,1.00,1.00
2015.05.14 20:39:28.559,1.8907,1.89126,1.00,1.00
2015.05.14 20:39:29.043,1.89072,1.89126,1.00,1.50
2015.05.14 20:39:29.547,1.8907,1.89126,1.37,1.00
2015.05.14 20:39:30.062,1.8907,1.89127,1.37,1.50
2015.05.14 20:39:30.578,1.8907,1.89127,1.37,1.00
2015.05.14 20:39:30.966,1.8907,1.89127,1.00,1.00
2015.05.14 20:39:31.125,1.89072,1.89127,1.50,1.00
2015.05.14 20:39:31.393,1.8907,1.89127,1.00,1.00
2015.05.14 20:39:31.969,1.8907,1.89127,1.37,1.50
2015.05.14 20:39:32.571,1.8907,1.89127,1.37,1.00
2015.05.14 20:39:33.184,1.89071,1.89127,1.37,1.50
2015.05.14 20:39:33.700,1.89071,1.89127,1.37,1.00
2015.05.14 20:39:34.985,1.89071,1.89126,1.37,1.00
2015.05.14 20:39:35.514,1.8907,1.89127,1.37,1.50
2015.05.14 20:39:36.061,1.89072,1.89127,1.12,1.00
2015.05.14 20:39:37.070,1.89073,1.89127,1.12,1.50
2015.05.14 20:39:37.374,1.8907,1.89126,1.87,1.00
2015.05.14 20:39:37.972,1.8907,1.89126,1.87,1.00
2015.05.14 20:39:38.174,1.8907,1.89126,1.87,1.00
2015.05.14 20:39:38.679,1.8907,1.89127,1.37,1.00
2015.05.14 20:39:39.210,1.8907,1.89127,1.37,1.50
2015.05.14 20:39:39.742,1.8907,1.89127,3.37,1.00
2015.05.14 20:39:40.289,1.89073,1.89127,1.37,1.50
2015.05.14 20:39:40.794,1.89072,1.89127,1.37,1.00
2015.05.14 20:39:41.419,1.89073,1.89127,1.12,1.50
2015.05.14 20:39:41.968,1.89072,1.89127,1.12,1.00
2015.05.14 20:39:44.631,1.89077,1.89127,1.00,1.00
2015.05.14 20:39:45.165,1.89078,1.89127,1.00,1.50
2015.05.14 20:39:46.244,1.89077,1.89127,1.00,1.00
2015.05.14 20:39:48.106,1.89078,1.89127,1.00,1.50
2015.05.14 20:39:48.410,1.89077,1.89121,1.00,1.00
2015.05.14 20:39:48.511,1.89073,1.89121,1.00,1.00
2015.05.14 20:39:48.797,1.89073,1.89132,1.00,1.00
2015.05.14 20:39:49.000,1.89073,1.89132,1.37,1.00
2015.05.14 20:39:49.151,1.89079,1.89149,1.00,1.87
2015.05.14 20:39:49.202,1.89079,1.89154,1.50,1.00
2015.05.14 20:39:49.557,1.89083,1.89154,1.00,1.00
2015.05.14 20:39:49.878,1.89086,1.89156,1.00,1.00
2015.05.14 20:39:50.181,1.89088,1.89151,1.00,1.00
2015.05.14 20:39:50.585,1.8909,1.89156,1.00,1.00
2015.05.14 20:39:50.686,1.89088,1.89156,1.00,1.00
2015.05.14 20:39:51.016,1.89088,1.89152,1.00,1.00
2015.05.14 20:39:51.924,1.89092,1.89152,1.00,1.00
2015.05.14 20:39:52.538,1.89093,1.89152,1.00,1.00
2015.05.14 20:39:53.065,1.89092,1.89152,1.00,1.00
2015.05.14 20:39:54.339,1.89092,1.89122,1.12,1.00
2015.05.14 20:39:54.441,1.89087,1.89127,1.10,1.00
2015.05.14 20:39:54.492,1.89071,1.89127,2.47,1.00
2015.05.14 20:39:54.543,1.89071,1.89126,1.10,1.00
2015.05.14 20:39:54.644,1.89071,1.89121,1.50,1.00
2015.05.14 20:39:54.763,1.89069,1.89121,1.50,1.00
2015.05.14 20:39:55.066,1.89069,1.89127,1.00,1.00
2015.05.14 20:39:55.772,1.89071,1.89127,1.00,1.00
2015.05.14 20:39:55.982,1.89069,1.89127,1.00,1.50
2015.05.14 20:39:56.033,1.89071,1.89127,1.00,1.00
2015.05.14 20:39:56.336,1.8907,1.89121,1.00,1.00
2015.05.14 20:39:56.840,1.89071,1.89121,1.00,1.00
2015.05.14 20:39:57.727,1.8907,1.89127,1.50,1.50
2015.05.14 20:39:58.405,1.89071,1.89127,1.00,1.00
2015.05.14 20:39:58.607,1.8907,1.89122,1.00,1.00
2015.05.14 20:39:58.708,1.8907,1.89127,1.00,1.00
2015.05.14 20:39:59.262,1.8907,1.89121,1.50,1.00
2015.05.14 20:40:00.123,1.8907,1.89127,1.50,1.50
2015.05.14 20:40:00.476,1.8907,1.89127,1.84,1.00
2015.05.14 20:40:00.779,1.8907,1.89122,1.34,1.00
2015.05.14 20:40:02.328,1.89071,1.89126,1.71,1.00
2015.05.14 20:40:02.541,1.89073,1.89128,1.34,1.00
2015.05.14 20:40:02.743,1.89077,1.89132,1.00,1.00
2015.05.14 20:40:02.895,1.89078,1.8914,1.00,1.00
2015.05.14 20:40:03.015,1.89078,1.89154,1.87,1.37
2015.05.14 20:40:03.066,1.89079,1.89157,1.37,1.57
2015.05.14 20:40:03.217,1.89086,1.89157,1.00,1.00
2015.05.14 20:40:03.547,1.89091,1.89157,1.00,1.12
2015.05.14 20:40:04.809,1.89093,1.89157,1.00,1.95
2015.05.14 20:40:05.079,1.89069,1.89137,1.00,1.00
2015.05.14 20:40:05.333,1.89078,1.89151,1.00,3.71
2015.05.14 20:40:05.484,1.89078,1.89153,1.00,1.00
2015.05.14 20:40:05.753,1.89078,1.89155,1.87,1.00
2015.05.14 20:40:05.854,1.89083,1.89155,1.00,1.00
2015.05.14 20:40:05.955,1.89088,1.89166,1.00,1.37
2015.05.14 20:40:06.006,1.89088,1.89167,1.00,1.50
2015.05.14 20:40:06.169,1.89091,1.89167,1.00,1.00
2015.05.14 20:40:06.471,1.89094,1.8917,1.00,1.00
2015.05.14 20:40:06.862,1.89094,1.89162,1.00,1.00
2015.05.14 20:40:06.913,1.89094,1.8917,1.00,1.00
2015.05.14 20:40:07.064,1.89096,1.8917,1.00,1.00
2015.05.14 20:40:07.421,1.89096,1.89168,1.00,1.00
2015.05.14 20:40:08.047,1.89097,1.89168,1.00,1.00
2015.05.14 20:40:08.419,1.89102,1.89168,1.00,1.00
2015.05.14 20:40:08.520,1.89095,1.89168,1.00,1.00
2015.05.14 20:40:09.324,1.89095,1.89167,1.00,1.00
2015.05.14 20:40:09.844,1.89096,1.89168,1.00,1.00
2015.05.14 20:40:10.359,1.89096,1.89168,1.37,1.00
2015.05.14 20:40:10.446,1.89103,1.89167,1.00,1.00
2015.05.14 20:40:10.648,1.89095,1.89167,1.37,1.00
2015.05.14 20:40:11.171,1.89095,1.89168,1.37,1.00
2015.05.14 20:40:11.719,1.89096,1.89167,1.37,1.00
2015.05.14 20:40:12.110,1.89097,1.89168,1.12,1.45
2015.05.14 20:40:12.413,1.89078,1.89142,1.00,1.00
2015.05.14 20:40:12.866,1.89078,1.89138,1.00,1.00
2015.05.14 20:40:13.404,1.89078,1.89137,1.50,1.00
2015.05.14 20:40:13.915,1.89078,1.89138,1.00,1.00
2015.05.14 20:40:14.308,1.8908,1.89138,1.00,1.00
2015.05.14 20:40:14.438,1.89084,1.8916,1.00,1.00
2015.05.14 20:40:14.539,1.89092,1.89168,1.00,1.37
2015.05.14 20:40:14.590,1.89092,1.89168,1.00,1.00
2015.05.14 20:40:14.842,1.89094,1.8917,1.00,1.37
2015.05.14 20:40:15.755,1.89094,1.89168,1.00,1.00
2015.05.14 20:40:16.169,1.89097,1.89168,1.00,1.00
2015.05.14 20:40:16.681,1.89097,1.89167,1.37,1.00
2015.05.14 20:40:17.393,1.89097,1.89168,1.87,1.00
2015.05.14 20:40:18.297,1.89098,1.89167,1.12,1.00
2015.05.14 20:40:18.993,1.89097,1.89168,1.12,1.00
2015.05.14 20:40:19.504,1.89098,1.89168,1.00,1.00
2015.05.14 20:40:19.918,1.89099,1.89171,1.76,1.00
2015.05.14 20:40:20.020,1.89105,1.89177,1.37,1.00
2015.05.14 20:40:20.222,1.89105,1.89177,1.00,1.00
2015.05.14 20:40:20.373,1.89103,1.89177,1.00,1.00
2015.05.14 20:40:20.863,1.89098,1.89178,4.12,1.37
2015.05.14 20:40:20.964,1.89098,1.89172,1.12,1.00
2015.05.14 20:40:21.266,1.89095,1.89147,1.37,1.00
2015.05.14 20:40:21.367,1.89089,1.89151,1.00,1.37
2015.05.14 20:40:21.468,1.89094,1.89166,1.50,1.00
2015.05.14 20:40:21.519,1.89094,1.89169,1.50,1.50
2015.05.14 20:40:21.569,1.89098,1.89172,1.00,1.37
2015.05.14 20:40:21.620,1.89098,1.89172,1.00,1.00
2015.05.14 20:40:22.354,1.89099,1.89172,1.50,1.00
2015.05.14 20:40:22.859,1.891,1.89172,1.00,1.50
2015.05.14 20:40:23.441,1.89101,1.89172,1.00,1.00
2015.05.14 20:40:23.979,1.891,1.89172,1.00,1.87
2015.05.14 20:40:24.321,1.89102,1.89172,1.00,1.00
2015.05.14 20:40:24.625,1.89104,1.89172,1.00,1.00
2015.05.14 20:40:25.129,1.89105,1.89172,1.00,1.00
2015.05.14 20:40:25.460,1.89108,1.89172,1.12,1.00
2015.05.14 20:40:25.681,1.89103,1.89172,2.25,1.00
2015.05.14 20:40:25.832,1.89109,1.89172,1.00,1.50
2015.05.14 20:40:26.366,1.89109,1.89173,1.00,1.00
2015.05.14 20:40:26.417,1.89109,1.89176,1.00,1.00
2015.05.14 20:40:26.962,1.89109,1.89177,1.00,1.00
2015.05.14 20:40:27.013,1.89109,1.89173,1.00,1.00
2015.05.14 20:40:27.577,1.89117,1.89173,1.00,1.00
2015.05.14 20:40:27.899,1.89109,1.89177,1.37,1.00
2015.05.14 20:40:27.951,1.89113,1.89181,1.51,1.00
2015.05.14 20:40:28.002,1.89113,1.89183,1.14,1.00
2015.05.14 20:40:28.053,1.8912,1.89184,1.00,1.00
2015.05.14 20:40:28.103,1.8912,1.89189,1.00,1.00
2015.05.14 20:40:28.154,1.8912,1.89192,1.00,1.00
2015.05.14 20:40:28.204,1.8912,1.89197,1.00,1.00
2015.05.14 20:40:28.306,1.8912,1.89204,1.00,1.37
2015.05.14 20:40:28.810,1.8912,1.89199,1.00,1.00
2015.05.14 20:40:29.330,1.89119,1.89199,1.00,1.37
2015.05.14 20:40:29.632,1.89119,1.89195,1.00,1.00
2015.05.14 20:40:29.935,1.89119,1.89178,1.00,1.00
2015.05.14 20:40:30.587,1.89119,1.89154,1.00,1.00
2015.05.14 20:40:30.789,1.89088,1.89131,1.00,1.00
2015.05.14 20:40:30.890,1.89076,1.89131,1.00,1.37
2015.05.14 20:40:30.991,1.89089,1.89157,1.00,1.37
2015.05.14 20:40:31.041,1.89092,1.89127,1.00,1.00
2015.05.14 20:40:31.142,1.89094,1.89132,1.00,1.00
2015.05.14 20:40:31.257,1.89082,1.89132,1.00,1.12
2015.05.14 20:40:31.358,1.89075,1.89132,1.00,1.12
2015.05.14 20:40:31.408,1.89079,1.89153,1.50,1.37
2015.05.14 20:40:31.459,1.89092,1.89156,1.37,1.00
2015.05.14 20:40:31.560,1.89097,1.89168,1.00,1.00
2015.05.14 20:40:31.661,1.891,1.89176,1.00,1.00
2015.05.14 20:40:31.862,1.89103,1.89177,1.00,1.00
2015.05.14 20:40:32.391,1.89104,1.89177,1.00,1.00
2015.05.14 20:40:32.643,1.891,1.89177,1.00,1.00
2015.05.14 20:40:32.744,1.89104,1.89177,1.00,1.00
2015.05.14 20:40:33.047,1.891,1.89177,1.37,1.00
2015.05.14 20:40:33.389,1.89105,1.89177,1.00,1.00
2015.05.14 20:40:33.641,1.891,1.89177,2.26,1.00
2015.05.14 20:40:33.795,1.89105,1.89177,1.00,1.00
2015.05.14 20:40:34.097,1.89108,1.89176,1.00,1.00
2015.05.14 20:40:34.444,1.89108,1.89172,1.00,1.00
2015.05.14 20:40:35.056,1.89108,1.89173,1.00,1.00
2015.05.14 20:40:35.595,1.89107,1.89173,1.00,1.00
2015.05.14 20:40:36.519,1.89107,1.89177,1.00,1.00
2015.05.14 20:40:36.620,1.89107,1.89179,1.00,1.00
2015.05.14 20:40:36.771,1.89103,1.89179,1.12,1.00
2015.05.14 20:40:36.974,1.89103,1.89173,1.00,1.00
2015.05.14 20:40:37.511,1.89103,1.89172,1.87,1.00
2015.05.14 20:40:38.053,1.89102,1.89172,1.50,1.00
2015.05.14 20:40:38.470,1.89107,1.89173,1.00,1.00
2015.05.14 20:40:38.748,1.89102,1.89173,1.00,1.00
2015.05.14 20:40:40.173,1.89102,1.89173,1.87,1.00
2015.05.14 20:40:40.508,1.89108,1.89181,1.00,1.00
2015.05.14 20:40:40.982,1.89109,1.89178,1.00,1.00
2015.05.14 20:40:41.760,1.89108,1.89178,1.00,1.00
2015.05.14 20:40:42.182,1.89109,1.89184,1.00,1.00
2015.05.14 20:40:42.233,1.89109,1.8918,1.00,1.00
2015.05.14 20:40:42.544,1.89108,1.89177,1.00,1.00
2015.05.14 20:40:43.067,1.89104,1.89177,1.37,1.00
2015.05.14 20:40:44.205,1.89108,1.89177,1.00,1.50
2015.05.14 20:40:45.211,1.8911,1.89182,1.00,1.00
2015.05.14 20:40:45.413,1.8911,1.89188,1.00,1.00
2015.05.14 20:40:45.514,1.89116,1.89192,1.00,1.00
2015.05.14 20:40:45.733,1.89116,1.892,1.87,1.87
2015.05.14 20:40:45.986,1.8912,1.892,1.00,1.37
2015.05.14 20:40:46.502,1.89119,1.892,1.00,1.37
2015.05.14 20:40:46.808,1.89117,1.892,1.89,1.00
2015.05.14 20:40:47.652,1.89122,1.892,1.00,1.00
2015.05.14 20:40:48.027,1.89122,1.892,1.00,1.37
2015.05.14 20:40:48.540,1.89123,1.892,1.00,1.37
2015.05.14 20:40:48.752,1.89118,1.892,1.12,1.37
2015.05.14 20:40:49.443,1.89118,1.892,1.50,1.37
2015.05.14 20:40:49.817,1.89122,1.892,1.00,1.37
2015.05.14 20:40:50.172,1.89115,1.89181,1.50,1.00
2015.05.14 20:40:51.825,1.89115,1.89182,1.00,1.12
2015.05.14 20:40:53.360,1.89113,1.89182,1.00,1.00
2015.05.14 20:40:53.901,1.89114,1.89182,1.00,1.00
2015.05.14 20:40:54.418,1.89115,1.89181,1.50,1.00
2015.05.14 20:40:54.469,1.89117,1.89181,1.00,1.00
2015.05.14 20:40:54.790,1.89117,1.89197,1.00,1.37
2015.05.14 20:40:54.992,1.89117,1.89196,1.00,1.00
2015.05.14 20:40:55.043,1.89115,1.89196,2.62,1.00
2015.05.14 20:40:55.346,1.89116,1.89157,1.00,1.00
2015.05.14 20:40:55.447,1.89113,1.89157,1.12,1.00
2015.05.14 20:40:55.599,1.89112,1.89166,1.50,1.00
2015.05.14 20:40:55.801,1.89112,1.89172,1.37,1.00
2015.05.14 20:40:56.203,1.89111,1.89177,1.87,1.00
2015.05.14 20:40:57.171,1.89118,1.89177,1.00,1.00
2015.05.14 20:40:57.558,1.89117,1.89167,1.00,1.00
2015.05.14 20:40:57.702,1.89112,1.89167,1.37,1.00
2015.05.14 20:40:57.871,1.89111,1.89172,1.37,1.00
2015.05.14 20:40:58.140,1.89111,1.89177,1.37,1.00
2015.05.14 20:40:58.191,1.89114,1.89177,1.00,1.00
2015.05.14 20:40:58.657,1.89118,1.89177,1.00,1.00
2015.05.14 20:40:59.183,1.89117,1.89177,1.00,1.00
2015.05.14 20:40:59.766,1.89117,1.89176,1.00,1.00
2015.05.14 20:41:00.170,1.89113,1.89176,1.00,1.00
2015.05.14 20:41:00.707,1.89114,1.89177,1.00,1.00
2015.05.14 20:41:00.758,1.89118,1.89177,1.00,1.00
2015.05.14 20:41:01.274,1.89115,1.89177,1.00,1.00
2015.05.14 20:41:01.774,1.89122,1.89177,1.00,1.00
2015.05.14 20:41:02.297,1.89123,1.89177,1.00,1.00
2015.05.14 20:41:02.979,1.89122,1.89177,1.00,1.00
2015.05.14 20:41:03.509,1.89123,1.89177,1.00,1.00
2015.05.14 20:41:04.033,1.89122,1.89177,1.00,1.00
2015.05.14 20:41:04.688,1.89115,1.89177,1.00,1.00
2015.05.14 20:41:05.838,1.89117,1.89177,1.00,1.00
2015.05.14 20:41:06.399,1.89118,1.89177,1.00,1.00
2015.05.14 20:41:06.501,1.89115,1.89177,1.00,1.00
2015.05.14 20:41:06.655,1.89113,1.89177,1.00,1.00
2015.05.14 20:41:06.956,1.8911,1.89177,1.00,1.00
2015.05.14 20:41:07.007,1.89117,1.89177,1.00,1.00
2015.05.14 20:41:07.210,1.8911,1.89177,1.00,1.00
2015.05.14 20:41:07.706,1.89122,1.89177,1.00,1.00
2015.05.14 20:41:08.319,1.89123,1.89177,1.00,1.00
2015.05.14 20:41:08.370,1.89123,1.89182,1.00,1.00
2015.05.14 20:41:08.540,1.89123,1.89176,1.00,1.00
2015.05.14 20:41:09.524,1.89122,1.89176,1.00,1.00
2015.05.14 20:41:10.083,1.89123,1.89176,1.00,1.00
2015.05.14 20:41:10.613,1.89122,1.89176,1.00,1.00
2015.05.14 20:41:12.518,1.89123,1.89176,1.00,1.00
2015.05.14 20:41:13.024,1.89122,1.89176,1.00,1.00
2015.05.14 20:41:13.766,1.89123,1.89176,1.00,1.00
2015.05.14 20:41:14.468,1.89122,1.89176,1.00,1.00
2015.05.14 20:41:15.620,1.89122,1.89177,1.00,1.00
2015.05.14 20:41:15.671,1.89113,1.89177,1.00,1.00
2015.05.14 20:41:16.387,1.89113,1.89195,2.25,1.37
2015.05.14 20:41:16.438,1.89122,1.89196,1.00,1.00
2015.05.14 20:41:16.773,1.89113,1.89182,1.87,1.00
2015.05.14 20:41:17.973,1.89122,1.89182,1.00,1.00
2015.05.14 20:41:18.563,1.89123,1.89182,1.00,1.12
2015.05.14 20:41:19.090,1.89122,1.89182,1.00,1.00
2015.05.14 20:41:19.776,1.89123,1.89182,1.00,1.12
2015.05.14 20:41:20.079,1.89113,1.89176,1.50,1.00
2015.05.14 20:41:21.102,1.89113,1.89177,1.00,1.00
2015.05.14 20:41:21.405,1.89122,1.89177,1.00,1.00
2015.05.14 20:41:21.913,1.89123,1.89177,1.00,1.00
2015.05.14 20:41:22.616,1.89122,1.89177,1.00,1.00
2015.05.14 20:41:23.164,1.89123,1.89177,1.00,1.00
2015.05.14 20:41:24.187,1.89122,1.89177,1.00,1.00
2015.05.14 20:41:24.489,1.89111,1.89177,1.50,1.00
2015.05.14 20:41:24.999,1.89111,1.89177,1.87,1.00
2015.05.14 20:41:25.497,1.89118,1.89177,1.00,1.00
2015.05.14 20:41:25.599,1.89111,1.89177,1.50,1.00
2015.05.14 20:41:26.487,1.89117,1.89177,1.00,1.00
2015.05.14 20:41:26.588,1.89111,1.89177,1.00,1.00
2015.05.14 20:41:27.091,1.89113,1.89177,1.00,1.00
2015.05.14 20:41:27.595,1.89112,1.89177,1.00,1.00
2015.05.14 20:41:27.833,1.89113,1.89182,1.00,1.00
2015.05.14 20:41:28.140,1.89112,1.89176,1.00,1.00
2015.05.14 20:41:28.191,1.8911,1.89176,1.00,1.00
2015.05.14 20:41:29.016,1.89111,1.89176,1.00,1.00
2015.05.14 20:41:29.520,1.89117,1.89176,1.00,1.00
2015.05.14 20:41:30.000,1.8911,1.89176,1.87,1.00
2015.05.14 20:41:31.024,1.89112,1.89176,1.12,1.00
2015.05.14 20:41:31.859,1.89113,1.89182,1.00,1.00
2015.05.14 20:41:34.879,1.89113,1.89177,1.12,1.00
2015.05.14 20:41:35.450,1.89109,1.89177,1.37,1.00
2015.05.14 20:41:35.771,1.89117,1.89177,1.00,1.00
2015.05.14 20:41:35.822,1.89117,1.89182,1.12,1.00
2015.05.14 20:41:37.427,1.89122,1.89182,1.00,1.00
2015.05.14 20:41:37.663,1.89113,1.89182,1.37,1.00
2015.05.14 20:41:38.216,1.89113,1.89182,1.50,1.00
2015.05.14 20:41:38.267,1.89122,1.89182,1.00,1.00
2015.05.14 20:41:38.640,1.89113,1.89182,1.12,1.00
2015.05.14 20:41:39.145,1.89118,1.89182,1.00,1.00
2015.05.14 20:41:39.669,1.89113,1.89182,1.12,1.00
2015.05.14 20:41:40.400,1.89118,1.89182,1.00,1.00
2015.05.14 20:41:41.003,1.89117,1.89182,1.00,1.00
2015.05.14 20:41:41.607,1.89118,1.89182,1.00,1.00
2015.05.14 20:41:42.123,1.89117,1.89182,1.12,1.00
2015.05.14 20:41:42.765,1.89119,1.89186,1.00,1.00
2015.05.14 20:41:45.610,1.89114,1.89181,1.00,1.00
2015.05.14 20:41:48.547,1.89117,1.89181,1.00,1.00
2015.05.14 20:41:50.044,1.89118,1.89181,1.00,1.00
2015.05.14 20:41:50.549,1.89117,1.89181,1.00,1.00
2015.05.14 20:41:51.255,1.89118,1.89181,1.00,1.00
2015.05.14 20:41:52.077,1.89117,1.89181,1.12,1.00
2015.05.14 20:41:53.736,1.89114,1.89181,1.37,1.00
2015.05.14 20:41:54.402,1.89117,1.89181,1.12,1.00
2015.05.14 20:41:54.943,1.89114,1.89181,1.37,1.00
2015.05.14 20:41:55.536,1.89114,1.89173,1.37,1.00
2015.05.14 20:41:55.637,1.89114,1.89175,1.00,1.00
2015.05.14 20:41:55.739,1.89114,1.89178,1.00,1.00
2015.05.14 20:41:56.722,1.89114,1.89177,1.00,1.00
2015.05.14 20:41:57.258,1.89114,1.89178,1.00,1.50
2015.05.14 20:41:57.962,1.89114,1.89181,1.00,1.00
2015.05.14 20:41:58.618,1.89113,1.89182,1.12,1.00
2015.05.14 20:42:01.135,1.89112,1.89167,1.12,1.00
2015.05.14 20:42:01.185,1.89108,1.89167,1.00,1.00
2015.05.14 20:42:01.236,1.89106,1.89167,1.00,1.00
2015.05.14 20:42:01.338,1.89099,1.89166,1.00,1.00
2015.05.14 20:42:01.762,1.89098,1.89163,1.00,1.00
2015.05.14 20:42:02.391,1.89098,1.89164,1.00,1.00
2015.05.14 20:42:02.764,1.89098,1.89158,1.00,1.00
2015.05.14 20:42:03.345,1.89098,1.89157,1.00,1.00
2015.05.14 20:42:03.884,1.89098,1.89158,1.00,1.00
2015.05.14 20:42:04.935,1.89098,1.89157,1.00,1.00
2015.05.14 20:42:05.829,1.89098,1.89158,1.00,1.00
2015.05.14 20:42:05.880,1.89094,1.89158,1.00,1.00
2015.05.14 20:42:06.082,1.89103,1.89157,1.00,1.00
2015.05.14 20:42:06.233,1.89103,1.89168,1.12,1.50
2015.05.14 20:42:06.334,1.89099,1.89162,1.37,1.00
2015.05.14 20:42:06.499,1.89093,1.89162,1.00,1.00
2015.05.14 20:42:06.929,1.89093,1.89158,1.00,1.00
2015.05.14 20:42:07.231,1.89099,1.89166,1.37,1.00
2015.05.14 20:42:07.534,1.89102,1.89166,1.37,1.00
2015.05.14 20:42:07.836,1.89104,1.89171,1.87,1.00
2015.05.14 20:42:08.365,1.89104,1.89171,1.87,1.00
2015.05.14 20:42:09.530,1.89103,1.89167,1.37,1.00
2015.05.14 20:42:10.967,1.89103,1.89167,1.87,1.00
2015.05.14 20:42:11.869,1.89103,1.89167,2.62,1.00
2015.05.14 20:42:12.551,1.89103,1.89167,1.87,1.00
2015.05.14 20:42:13.143,1.89105,1.89171,1.37,1.00
2015.05.14 20:42:13.737,1.89107,1.89171,1.37,1.00
2015.05.14 20:42:13.888,1.89107,1.89177,1.37,1.00
2015.05.14 20:42:14.291,1.89104,1.89177,1.00,1.00
2015.05.14 20:42:14.527,1.89101,1.89177,1.87,1.50
2015.05.14 20:42:15.052,1.89101,1.89177,1.37,1.50
2015.05.14 20:42:15.153,1.891,1.89176,1.00,1.00
2015.05.14 20:42:15.569,1.89101,1.89173,1.00,1.00
2015.05.14 20:42:16.160,1.89101,1.89173,1.37,1.00
2015.05.14 20:42:16.663,1.89101,1.89173,1.37,1.00
2015.05.14 20:42:17.165,1.89101,1.89173,1.37,1.00
2015.05.14 20:42:17.686,1.89101,1.89173,1.87,1.00
2015.05.14 20:42:18.318,1.89101,1.89173,1.37,1.00
2015.05.14 20:42:18.657,1.89108,1.89177,1.00,1.00
2015.05.14 20:42:20.874,1.89108,1.89177,1.37,1.00
2015.05.14 20:42:21.694,1.89108,1.89177,1.87,1.00
2015.05.14 20:42:22.097,1.89108,1.89177,1.00,1.00
2015.05.14 20:42:29.099,1.89109,1.89176,1.00,1.00
2015.05.14 20:42:31.081,1.89108,1.89177,1.87,1.00
2015.05.14 20:42:31.923,1.89112,1.89177,1.00,1.00
2015.05.14 20:42:32.374,1.89108,1.89177,1.37,1.00
2015.05.14 20:42:32.906,1.89113,1.89177,1.37,1.00
2015.05.14 20:42:33.508,1.89108,1.89177,1.37,1.00
2015.05.14 20:42:34.065,1.89109,1.89176,1.37,1.00
2015.05.14 20:42:35.624,1.89109,1.89176,1.37,1.00
2015.05.14 20:42:36.177,1.89108,1.89177,1.87,1.00
2015.05.14 20:42:36.228,1.89108,1.89177,1.87,1.00
2015.05.14 20:42:38.713,1.89108,1.89177,1.37,1.00
2015.05.14 20:42:39.215,1.89108,1.89177,1.00,1.00
2015.05.14 20:42:39.448,1.89108,1.89177,1.37,1.00
2015.05.14 20:42:39.843,1.89104,1.89171,2.62,1.00
2015.05.14 20:42:40.555,1.89108,1.89171,1.37,1.00
2015.05.14 20:42:41.305,1.89107,1.89171,1.37,1.00
2015.05.14 20:42:41.713,1.89107,1.89167,1.37,1.00
2015.05.14 20:42:42.293,1.89108,1.89167,1.37,1.00
2015.05.14 20:42:43.665,1.89107,1.89167,1.37,1.00
2015.05.14 20:42:44.275,1.89108,1.89167,1.37,1.00
2015.05.14 20:42:44.793,1.89107,1.89167,1.37,1.00
2015.05.14 20:42:46.695,1.89107,1.89167,1.12,1.00
2015.05.14 20:42:46.871,1.89107,1.89167,1.37,1.00
2015.05.14 20:42:46.921,1.89108,1.89172,1.37,1.00
2015.05.14 20:42:47.926,1.89108,1.89172,1.37,1.00
2015.05.14 20:42:48.458,1.89108,1.89172,1.37,1.00
2015.05.14 20:42:49.636,1.89108,1.89172,1.87,1.00
2015.05.14 20:42:50.176,1.89108,1.89172,1.37,1.00
2015.05.14 20:42:50.955,1.89106,1.89167,1.37,1.00
2015.05.14 20:42:51.482,1.89106,1.89167,1.37,1.00
2015.05.14 20:42:52.179,1.89107,1.89167,1.37,1.00
2015.05.14 20:42:53.237,1.89108,1.89167,1.37,1.00
2015.05.14 20:42:54.052,1.89107,1.89167,1.37,1.00
2015.05.14 20:42:54.588,1.89108,1.89167,1.37,1.00
2015.05.14 20:42:55.090,1.89107,1.89167,1.37,1.00
2015.05.14 20:42:56.152,1.89108,1.89167,1.37,1.00
2015.05.14 20:42:56.337,1.89108,1.89172,1.87,1.00
2015.05.14 20:42:56.850,1.89108,1.89172,1.37,1.00
2015.05.14 20:42:57.486,1.89108,1.89172,1.87,1.00
2015.05.14 20:42:58.001,1.89109,1.89176,1.37,1.00
2015.05.14 20:42:58.683,1.89109,1.89176,1.37,1.00
2015.05.14 20:42:58.986,1.89109,1.89175,1.00,1.00
2015.05.14 20:42:59.087,1.89109,1.89175,1.37,1.00
2015.05.14 20:42:59.667,1.89109,1.89176,1.37,1.00
2015.05.14 20:43:00.594,1.89113,1.89176,1.12,1.00
2015.05.14 20:43:01.539,1.89112,1.89176,1.12,1.00
2015.05.14 20:43:02.064,1.89113,1.89176,1.12,1.00
2015.05.14 20:43:02.646,1.89112,1.89176,1.12,1.00
2015.05.14 20:43:05.132,1.89113,1.89176,1.12,1.00
2015.05.14 20:43:05.712,1.89112,1.89176,1.12,1.00
2015.05.14 20:43:07.853,1.89113,1.89176,1.12,1.00
2015.05.14 20:43:08.160,1.89112,1.89176,1.37,1.00
2015.05.14 20:43:09.162,1.89113,1.89176,1.37,1.00
2015.05.14 20:43:09.664,1.89112,1.89176,1.12,1.00
2015.05.14 20:43:10.166,1.89108,1.89177,1.37,1.00
2015.05.14 20:43:10.718,1.89113,1.89177,1.12,1.00
2015.05.14 20:43:11.472,1.89112,1.89177,1.12,1.00
2015.05.14 20:43:12.843,1.89113,1.89177,1.12,1.00
2015.05.14 20:43:13.444,1.89112,1.89177,1.12,1.00
2015.05.14 20:43:16.791,1.89113,1.89177,1.12,1.00
2015.05.14 20:43:17.449,1.89112,1.89177,1.12,1.00
2015.05.14 20:43:18.666,1.89112,1.89176,1.12,1.00
2015.05.14 20:43:19.197,1.89109,1.89176,1.37,1.00
2015.05.14 20:43:20.181,1.89109,1.89176,1.37,1.00
2015.05.14 20:43:22.407,1.89113,1.89176,1.00,1.00
2015.05.14 20:43:22.508,1.89109,1.89176,1.00,1.00
2015.05.14 20:43:22.660,1.89105,1.89171,2.25,1.00
2015.05.14 20:43:22.963,1.89105,1.89167,1.75,1.00
2015.05.14 20:43:23.270,1.89112,1.89166,1.12,1.00
2015.05.14 20:43:23.783,1.89105,1.89166,2.62,1.00
2015.05.14 20:43:24.443,1.89112,1.89167,1.12,1.00
2015.05.14 20:43:25.298,1.89113,1.89166,1.12,1.00
2015.05.14 20:43:25.908,1.89106,1.89166,1.37,1.00
2015.05.14 20:43:26.245,1.89113,1.89166,1.37,1.00
2015.05.14 20:43:26.794,1.89106,1.89166,1.37,1.00
2015.05.14 20:43:27.198,1.89106,1.89166,2.25,1.00
2015.05.14 20:43:27.998,1.89106,1.89166,1.37,1.00
2015.05.14 20:43:28.537,1.89106,1.89166,1.37,1.00
2015.05.14 20:43:29.202,1.89113,1.89166,1.12,1.00
2015.05.14 20:43:29.739,1.89112,1.89166,1.12,1.00
2015.05.14 20:43:29.891,1.89113,1.89171,1.12,1.00
2015.05.14 20:43:29.942,1.89109,1.89171,1.00,1.00
2015.05.14 20:43:30.507,1.89112,1.89171,1.00,1.00
2015.05.14 20:43:31.211,1.89112,1.89172,1.00,1.00
2015.05.14 20:43:32.013,1.89113,1.89172,1.00,1.00
2015.05.14 20:43:33.837,1.89108,1.89172,1.75,1.00
2015.05.14 20:43:34.140,1.89117,1.89177,1.37,1.00
2015.05.14 20:43:34.741,1.89118,1.89177,1.37,1.00
2015.05.14 20:43:36.129,1.89123,1.89177,1.12,1.00
2015.05.14 20:43:36.670,1.89122,1.89177,1.12,1.00
2015.05.14 20:43:36.946,1.89115,1.89177,1.00,1.00
2015.05.14 20:43:37.490,1.89111,1.89177,1.50,1.00
2015.05.14 20:43:37.736,1.89122,1.89177,1.00,1.00
2015.05.14 20:43:38.157,1.89111,1.89177,1.50,1.00
2015.05.14 20:43:38.965,1.89111,1.89177,1.00,1.00
2015.05.14 20:43:39.066,1.89109,1.89177,1.12,1.00
2015.05.14 20:43:39.616,1.89109,1.89177,1.37,1.00
2015.05.14 20:43:39.868,1.89117,1.89177,1.00,1.00
2015.05.14 20:43:40.070,1.89109,1.89177,1.37,1.00
2015.05.14 20:43:40.601,1.89109,1.89177,1.00,1.00
2015.05.14 20:43:41.280,1.89117,1.89177,1.00,1.00
2015.05.14 20:43:41.957,1.89118,1.89177,1.00,1.12
2015.05.14 20:43:42.358,1.89109,1.89177,1.00,1.12
2015.05.14 20:43:42.918,1.89108,1.89177,2.62,1.12
2015.05.14 20:43:42.969,1.89117,1.89177,1.00,1.00
2015.05.14 20:43:43.372,1.89108,1.89177,2.25,1.00
2015.05.14 20:43:43.996,1.89109,1.89176,1.12,1.00
2015.05.14 20:43:44.517,1.89108,1.89177,2.25,1.00
2015.05.14 20:43:44.641,1.89112,1.89177,1.00,1.00
2015.05.14 20:43:45.269,1.89113,1.89177,1.00,1.12
2015.05.14 20:43:45.948,1.89112,1.89177,1.00,1.00
2015.05.14 20:43:46.815,1.89113,1.89177,1.00,1.00
2015.05.14 20:43:47.316,1.89112,1.89177,1.00,1.00
2015.05.14 20:43:47.417,1.89108,1.89177,1.87,1.12
2015.05.14 20:43:47.907,1.89112,1.89177,1.00,1.00
2015.05.14 20:43:48.785,1.89113,1.89177,1.00,1.00
2015.05.14 20:43:49.303,1.89113,1.89176,1.00,1.00
2015.05.14 20:43:49.890,1.89108,1.89177,2.62,1.00
2015.05.14 20:43:50.243,1.89117,1.89177,1.00,1.00
2015.05.14 20:43:50.906,1.89118,1.89177,1.00,1.00
2015.05.14 20:43:51.520,1.89117,1.89177,1.00,1.00
2015.05.14 20:43:53.135,1.89118,1.89177,1.00,1.00
2015.05.14 20:43:53.337,1.89112,1.89177,1.12,1.00
2015.05.14 20:43:53.838,1.89122,1.89177,1.00,1.00
2015.05.14 20:43:53.940,1.89112,1.89177,1.37,1.00
2015.05.14 20:43:54.427,1.89122,1.89177,1.00,1.00
2015.05.14 20:43:55.354,1.89123,1.89177,1.00,1.00
2015.05.14 20:43:55.910,1.89122,1.89177,1.00,1.00
2015.05.14 20:43:55.967,1.89111,1.89177,1.37,1.00
2015.05.14 20:43:56.434,1.89122,1.89177,1.00,1.00
