2015.10.05 10:00:00.705,1.98828,1.98868,1.00,1.00
2015.10.05 10:00:01.295,1.98828,1.98869,1.00,1.00
2015.10.05 10:00:02.786,1.98821,1.98859,1.50,1.00
2015.10.05 10:00:02.838,1.98818,1.98859,1.00,1.00
2015.10.05 10:00:02.888,1.98815,1.98856,1.00,1.00
2015.10.05 10:00:03.191,1.98813,1.98852,1.00,1.00
2015.10.05 10:00:04.476,1.98815,1.98856,1.00,1.00
2015.10.05 10:00:05.894,1.98819,1.98857,1.00,1.00
2015.10.05 10:00:06.429,1.98819,1.98858,1.00,1.00
2015.10.05 10:00:06.731,1.98821,1.98862,1.00,1.00
2015.10.05 10:00:07.437,1.98824,1.98865,1.00,1.00
2015.10.05 10:00:07.739,1.98828,1.98867,1.00,1.00
2015.10.05 10:00:09.227,1.98823,1.98865,1.00,1.00
2015.10.05 10:00:09.429,1.9882,1.98861,1.00,1.00
2015.10.05 10:00:11.546,1.98817,1.98858,1.00,1.00
2015.10.05 10:00:14.965,1.98821,1.9886,1.00,1.00
2015.10.05 10:00:15.771,1.98824,1.98863,1.00,1.00
2015.10.05 10:00:19.989,1.98826,1.98867,1.00,1.00
2015.10.05 10:00:20.692,1.98829,1.9887,1.00,1.00
2015.10.05 10:00:25.462,1.98826,1.98867,1.00,1.00
2015.10.05 10:00:27.020,1.98829,1.9887,1.00,1.00
2015.10.05 10:00:27.524,1.98831,1.9887,1.00,1.00
2015.10.05 10:00:27.726,1.98833,1.98874,1.00,1.00
2015.10.05 10:00:27.777,1.98835,1.98874,1.00,1.00
2015.10.05 10:00:27.828,1.98836,1.98877,1.00,1.00
2015.10.05 10:00:28.277,1.98839,1.98877,1.00,1.00
2015.10.05 10:00:28.378,1.98852,1.98896,1.00,1.00
2015.10.05 10:00:28.731,1.98854,1.98896,1.00,1.00
2015.10.05 10:00:29.275,1.98855,1.98897,1.00,1.50
2015.10.05 10:00:29.741,1.98851,1.98897,1.00,1.00
2015.10.05 10:00:29.943,1.98852,1.98891,1.00,1.00
2015.10.05 10:00:30.044,1.98849,1.98891,1.00,1.00
2015.10.05 10:00:31.431,1.98853,1.98892,1.00,1.00
2015.10.05 10:00:31.482,1.98854,1.98897,1.00,1.00
2015.10.05 10:00:31.937,1.98857,1.98897,1.00,1.00
2015.10.05 10:00:32.547,1.98856,1.98896,1.00,1.00
2015.10.05 10:00:33.145,1.98857,1.98896,1.00,1.00
2015.10.05 10:00:33.683,1.98853,1.98896,1.00,1.00
2015.10.05 10:00:34.194,1.98853,1.98897,1.00,1.00
2015.10.05 10:00:34.724,1.98855,1.98896,1.00,1.00
2015.10.05 10:00:35.183,1.98857,1.98896,1.00,1.00
2015.10.05 10:00:35.557,1.98846,1.98892,1.00,1.50
2015.10.05 10:00:35.607,1.98843,1.98887,1.00,1.50
2015.10.05 10:00:36.161,1.98839,1.98872,1.00,1.00
2015.10.05 10:00:36.211,1.98834,1.98877,1.00,1.00
2015.10.05 10:00:36.312,1.98842,1.98877,1.00,1.00
2015.10.05 10:00:36.413,1.98842,1.98882,1.00,1.00
2015.10.05 10:00:36.464,1.98837,1.98882,1.00,1.00
2015.10.05 10:00:36.565,1.98839,1.98882,1.00,1.00
2015.10.05 10:00:36.616,1.98839,1.98887,1.00,1.50
2015.10.05 10:00:36.666,1.98842,1.98887,1.00,1.00
2015.10.05 10:00:36.767,1.98835,1.98882,1.00,1.00
2015.10.05 10:00:36.868,1.98838,1.98886,1.00,1.00
2015.10.05 10:00:38.128,1.98849,1.98889,1.00,1.00
2015.10.05 10:00:38.179,1.98849,1.98893,1.00,1.00
2015.10.05 10:00:38.330,1.98849,1.9889,1.00,1.00
2015.10.05 10:00:38.641,1.98846,1.98887,1.00,1.00
2015.10.05 10:00:39.581,1.98842,1.98887,1.00,1.00
2015.10.05 10:00:39.965,1.98845,1.98887,1.00,1.00
2015.10.05 10:00:40.386,1.98842,1.98887,1.00,1.00
2015.10.05 10:00:40.711,1.98846,1.98887,1.00,1.00
2015.10.05 10:00:40.935,1.98842,1.98887,1.00,1.00
2015.10.05 10:00:41.591,1.98845,1.98887,1.00,1.00
2015.10.05 10:00:41.794,1.98848,1.98891,1.00,1.00
2015.10.05 10:00:41.895,1.98845,1.98891,1.00,1.00
2015.10.05 10:00:41.946,1.98847,1.98891,1.00,1.00
2015.10.05 10:00:42.262,1.98849,1.98891,1.00,1.00
2015.10.05 10:00:43.608,1.98848,1.98891,1.50,1.00
2015.10.05 10:00:44.377,1.98848,1.98895,1.50,1.50
2015.10.05 10:00:44.832,1.98864,1.98895,1.00,1.00
2015.10.05 10:00:44.883,1.98864,1.98907,1.00,1.00
2015.10.05 10:00:45.085,1.98865,1.98892,1.00,1.00
2015.10.05 10:00:45.136,1.98852,1.98889,1.00,1.00
2015.10.05 10:00:45.237,1.98845,1.98886,1.00,3.00
2015.10.05 10:00:45.338,1.98834,1.98878,1.00,1.00
2015.10.05 10:00:45.439,1.98828,1.98878,1.50,1.00
2015.10.05 10:00:45.490,1.98833,1.98877,1.00,1.00
2015.10.05 10:00:45.591,1.98831,1.98877,1.00,1.50
2015.10.05 10:00:45.793,1.98828,1.98877,1.00,2.25
2015.10.05 10:00:48.090,1.98827,1.98872,1.00,1.00
2015.10.05 10:00:48.940,1.98828,1.98874,1.00,1.50
2015.10.05 10:00:49.980,1.9884,1.98877,1.00,1.00
2015.10.05 10:00:50.031,1.9884,1.98885,1.00,1.00
2015.10.05 10:00:50.851,1.98833,1.98883,1.50,1.00
2015.10.05 10:00:51.351,1.98833,1.98878,1.50,1.00
2015.10.05 10:00:51.402,1.98834,1.98882,1.50,1.00
2015.10.05 10:00:51.503,1.98838,1.98882,1.00,1.00
2015.10.05 10:00:51.755,1.98836,1.98882,1.00,1.00
2015.10.05 10:00:52.259,1.98835,1.98881,1.00,1.00
2015.10.05 10:00:53.108,1.98848,1.98882,1.00,1.00
2015.10.05 10:00:53.159,1.98855,1.98894,1.00,1.00
2015.10.05 10:00:53.210,1.98855,1.98896,1.00,1.50
2015.10.05 10:00:53.261,1.98853,1.98896,1.00,1.00
2015.10.05 10:00:53.412,1.98853,1.989,1.50,1.00
2015.10.05 10:00:53.621,1.98855,1.989,1.00,1.00
2015.10.05 10:00:54.014,1.98858,1.989,1.00,1.00
2015.10.05 10:00:54.663,1.98838,1.98881,1.00,1.00
2015.10.05 10:00:55.119,1.98835,1.98878,1.00,1.00
2015.10.05 10:00:55.169,1.98829,1.98876,1.00,1.00
2015.10.05 10:00:55.372,1.98829,1.98874,1.00,1.00
2015.10.05 10:00:56.017,1.98833,1.98875,1.00,1.00
2015.10.05 10:00:56.228,1.98834,1.98878,1.00,1.00
2015.10.05 10:00:56.826,1.98833,1.98878,1.00,1.00
2015.10.05 10:00:58.491,1.98833,1.98877,1.00,1.00
2015.10.05 10:00:59.042,1.98834,1.98878,1.00,1.50
2015.10.05 10:00:59.625,1.98834,1.98876,1.00,1.00
2015.10.05 10:00:59.927,1.98839,1.98882,1.00,1.00
2015.10.05 10:00:59.978,1.98837,1.98882,1.00,1.00
2015.10.05 10:01:00.096,1.98839,1.98882,1.00,1.00
2015.10.05 10:01:00.198,1.98835,1.98882,1.00,1.50
2015.10.05 10:01:00.299,1.98839,1.98882,1.00,1.00
2015.10.05 10:01:00.935,1.98838,1.98882,1.00,1.00
2015.10.05 10:01:01.504,1.98838,1.9888,1.00,1.00
2015.10.05 10:01:01.806,1.98843,1.9888,1.00,1.00
2015.10.05 10:01:01.907,1.98844,1.98885,1.00,1.00
2015.10.05 10:01:02.916,1.98834,1.98882,1.00,1.00
2015.10.05 10:01:03.168,1.98833,1.98879,1.50,1.00
2015.10.05 10:01:03.813,1.98839,1.98879,1.00,1.00
2015.10.05 10:01:04.273,1.98833,1.98879,1.00,1.00
2015.10.05 10:01:05.376,1.9883,1.98879,1.50,1.00
2015.10.05 10:01:05.917,1.9883,1.98874,1.00,1.00
2015.10.05 10:01:06.223,1.98828,1.98872,1.50,1.00
2015.10.05 10:01:07.542,1.98826,1.98872,1.00,1.00
2015.10.05 10:01:08.853,1.98825,1.98872,1.00,1.00
2015.10.05 10:01:08.904,1.98825,1.98869,1.00,1.00
2015.10.05 10:01:09.414,1.98833,1.98869,1.00,1.00
2015.10.05 10:01:09.464,1.98833,1.98872,1.00,1.00
2015.10.05 10:01:09.515,1.98833,1.98877,1.00,1.50
2015.10.05 10:01:10.061,1.98834,1.98877,1.00,1.00
2015.10.05 10:01:11.043,1.98833,1.98877,1.00,1.00
2015.10.05 10:01:11.845,1.98834,1.98877,1.00,1.00
2015.10.05 10:01:12.820,1.98838,1.98877,1.00,1.00
2015.10.05 10:01:13.140,1.9884,1.98877,1.00,1.00
2015.10.05 10:01:13.601,1.98843,1.98877,1.00,1.00
2015.10.05 10:01:14.784,1.98839,1.98878,1.00,1.00
2015.10.05 10:01:14.835,1.98844,1.98878,1.00,1.00
2015.10.05 10:01:15.390,1.98839,1.98878,1.00,1.00
2015.10.05 10:01:16.201,1.98838,1.98878,1.50,1.00
2015.10.05 10:01:16.251,1.98838,1.98875,1.00,1.00
2015.10.05 10:01:16.352,1.98834,1.98875,1.00,1.00
2015.10.05 10:01:16.655,1.98833,1.98872,1.00,1.00
2015.10.05 10:01:16.958,1.98835,1.98872,1.00,1.00
2015.10.05 10:01:17.691,1.98838,1.98872,1.50,1.00
2015.10.05 10:01:18.169,1.98838,1.98875,1.50,1.00
2015.10.05 10:01:18.321,1.98848,1.98878,1.00,1.00
2015.10.05 10:01:18.371,1.98848,1.98882,1.00,1.00
2015.10.05 10:01:18.472,1.98848,1.98886,1.50,1.00
2015.10.05 10:01:18.573,1.98853,1.98886,1.00,1.00
2015.10.05 10:01:20.077,1.98849,1.98886,1.00,1.00
2015.10.05 10:01:21.587,1.98849,1.98889,1.50,1.00
2015.10.05 10:01:22.604,1.98849,1.98886,1.50,1.00
2015.10.05 10:01:23.120,1.98848,1.98886,1.00,1.00
2015.10.05 10:01:23.423,1.98848,1.98889,2.25,1.00
2015.10.05 10:01:24.111,1.9885,1.98889,1.00,1.00
2015.10.05 10:01:24.462,1.98853,1.98889,1.00,1.00
2015.10.05 10:01:28.299,1.98843,1.98883,1.00,1.50
2015.10.05 10:01:28.353,1.98842,1.9888,1.00,1.00
2015.10.05 10:01:28.554,1.98835,1.98876,1.00,1.00
2015.10.05 10:01:28.707,1.98835,1.98874,1.00,1.00
2015.10.05 10:01:28.757,1.98831,1.98871,1.00,1.00
2015.10.05 10:01:28.808,1.98828,1.98867,1.00,1.00
2015.10.05 10:01:29.461,1.9882,1.9886,1.00,1.50
2015.10.05 10:01:29.513,1.98818,1.98858,1.00,1.00
2015.10.05 10:01:29.563,1.98819,1.9886,1.00,1.00
2015.10.05 10:01:29.887,1.98823,1.98861,1.00,1.00
2015.10.05 10:01:29.988,1.98819,1.98861,1.00,1.00
2015.10.05 10:01:31.012,1.98819,1.9886,1.00,1.00
2015.10.05 10:01:31.221,1.98815,1.98856,1.00,1.00
2015.10.05 10:01:31.571,1.98811,1.98852,1.00,1.00
2015.10.05 10:01:31.881,1.98809,1.98848,1.00,1.00
2015.10.05 10:01:32.416,1.98808,1.98844,1.00,1.00
2015.10.05 10:01:32.479,1.98808,1.98848,1.00,1.00
2015.10.05 10:01:32.630,1.9881,1.98851,1.00,1.00
2015.10.05 10:01:32.731,1.98812,1.98851,1.00,1.00
2015.10.05 10:01:33.034,1.98809,1.98848,1.00,1.00
2015.10.05 10:01:33.084,1.98807,1.98848,1.00,1.00
2015.10.05 10:01:33.296,1.98803,1.98845,1.00,1.00
2015.10.05 10:01:37.297,1.988,1.98841,1.00,1.00
2015.10.05 10:01:37.602,1.98797,1.98838,1.00,1.00
2015.10.05 10:01:38.153,1.98799,1.98838,1.00,1.00
2015.10.05 10:01:38.815,1.98802,1.98838,1.00,1.00
2015.10.05 10:01:38.916,1.98799,1.98838,1.00,1.00
2015.10.05 10:01:39.017,1.98801,1.98838,1.00,1.00
2015.10.05 10:01:39.521,1.988,1.98838,1.00,1.00
2015.10.05 10:01:40.848,1.98804,1.98838,1.00,1.00
2015.10.05 10:01:40.899,1.98821,1.98859,1.00,1.00
2015.10.05 10:01:41.622,1.98823,1.98862,1.00,1.00
2015.10.05 10:01:42.443,1.98819,1.9886,2.25,1.00
2015.10.05 10:01:44.395,1.98819,1.98859,1.00,1.00
2015.10.05 10:01:44.547,1.98814,1.98853,1.00,1.00
2015.10.05 10:01:45.897,1.98805,1.98845,1.00,1.00
2015.10.05 10:01:45.948,1.98804,1.98842,1.00,1.00
2015.10.05 10:01:46.049,1.98798,1.98839,1.50,1.00
2015.10.05 10:01:46.200,1.98798,1.98835,1.00,1.00
2015.10.05 10:01:46.755,1.98796,1.98835,1.00,1.00
2015.10.05 10:01:49.685,1.98793,1.98833,1.50,1.00
2015.10.05 10:01:50.041,1.98796,1.98833,1.00,1.00
2015.10.05 10:01:50.219,1.98794,1.98833,1.00,1.00
2015.10.05 10:01:50.320,1.98808,1.98833,1.00,1.00
2015.10.05 10:01:50.371,1.98808,1.98836,1.00,1.00
2015.10.05 10:01:50.472,1.98808,1.98839,1.00,1.00
2015.10.05 10:01:51.019,1.98808,1.98845,1.50,1.00
2015.10.05 10:01:51.581,1.98806,1.98845,1.00,1.00
2015.10.05 10:01:51.979,1.98808,1.98845,1.00,1.00
2015.10.05 10:01:53.890,1.98813,1.98845,1.00,1.00
2015.10.05 10:01:54.490,1.98819,1.98845,1.00,1.00
2015.10.05 10:01:54.541,1.98798,1.98839,1.50,1.00
2015.10.05 10:01:54.743,1.98798,1.98836,1.00,1.00
2015.10.05 10:01:55.097,1.98793,1.98833,1.50,1.00
2015.10.05 10:01:57.109,1.98798,1.98833,1.00,1.00
2015.10.05 10:01:57.210,1.98799,1.98836,1.00,1.00
2015.10.05 10:01:58.072,1.98803,1.98836,1.00,1.00
2015.10.05 10:01:59.616,1.98808,1.98836,1.00,1.00
2015.10.05 10:02:00.343,1.98811,1.98845,1.00,1.00
2015.10.05 10:02:00.444,1.98811,1.98848,1.00,1.00
2015.10.05 10:02:00.495,1.98813,1.98848,1.00,1.00
2015.10.05 10:02:01.010,1.98814,1.98848,1.00,1.00
2015.10.05 10:02:01.060,1.98814,1.9885,1.50,1.00
2015.10.05 10:02:01.111,1.98818,1.9885,1.00,1.00
2015.10.05 10:02:01.616,1.98823,1.9885,1.00,1.00
2015.10.05 10:02:01.667,1.98823,1.98854,1.00,1.00
2015.10.05 10:02:01.768,1.98823,1.98858,1.00,1.00
2015.10.05 10:02:02.277,1.98824,1.98858,1.00,1.00
2015.10.05 10:02:03.129,1.98818,1.98858,1.00,1.00
2015.10.05 10:02:03.561,1.98816,1.98858,1.00,1.00
2015.10.05 10:02:03.863,1.98816,1.98855,1.00,1.00
2015.10.05 10:02:05.016,1.98813,1.98848,1.50,1.00
2015.10.05 10:02:05.067,1.98813,1.98851,1.50,1.00
2015.10.05 10:02:07.174,1.98818,1.98851,1.00,1.00
2015.10.05 10:02:07.225,1.98818,1.98854,1.00,1.00
2015.10.05 10:02:07.277,1.98819,1.98857,1.00,1.00
2015.10.05 10:02:07.431,1.9882,1.98861,1.00,1.00
2015.10.05 10:02:08.564,1.98824,1.98861,1.00,1.00
2015.10.05 10:02:10.192,1.98823,1.98861,1.00,1.00
2015.10.05 10:02:10.868,1.98824,1.98861,1.00,1.00
2015.10.05 10:02:11.691,1.98825,1.98861,1.00,1.00
2015.10.05 10:02:12.245,1.98827,1.98861,1.00,1.00
2015.10.05 10:02:12.345,1.98825,1.98861,1.00,1.00
2015.10.05 10:02:12.798,1.98825,1.98865,1.00,1.00
2015.10.05 10:02:13.336,1.98824,1.98865,1.00,1.00
2015.10.05 10:02:13.387,1.98827,1.98865,1.00,1.00
2015.10.05 10:02:13.488,1.98831,1.98872,1.50,1.00
2015.10.05 10:02:13.538,1.98831,1.9887,1.00,1.00
2015.10.05 10:02:13.843,1.98829,1.98866,1.00,1.00
2015.10.05 10:02:13.893,1.98825,1.98864,1.00,1.00
2015.10.05 10:02:13.994,1.98823,1.98864,1.50,1.00
2015.10.05 10:02:14.095,1.98823,1.9886,1.50,1.00
2015.10.05 10:02:14.690,1.98824,1.9886,1.00,1.00
2015.10.05 10:02:14.742,1.98812,1.98851,1.00,1.00
2015.10.05 10:02:14.843,1.98811,1.98849,1.00,1.00
2015.10.05 10:02:15.144,1.9881,1.98846,1.00,1.00
2015.10.05 10:02:15.195,1.98808,1.98846,1.00,1.00
2015.10.05 10:02:15.447,1.98805,1.98846,1.50,1.00
2015.10.05 10:02:15.800,1.98796,1.98833,1.00,1.00
2015.10.05 10:02:16.795,1.98796,1.98827,1.00,1.00
2015.10.05 10:02:16.846,1.98787,1.98827,1.00,1.00
2015.10.05 10:02:17.958,1.98788,1.98827,1.00,1.00
2015.10.05 10:02:18.060,1.98786,1.98827,1.00,1.00
2015.10.05 10:02:18.535,1.98789,1.98827,1.00,1.00
2015.10.05 10:02:18.747,1.98787,1.98827,1.00,1.00
2015.10.05 10:02:18.859,1.9879,1.98827,1.00,1.00
2015.10.05 10:02:18.960,1.98788,1.98827,1.00,1.00
2015.10.05 10:02:19.162,1.98791,1.98827,1.00,1.00
2015.10.05 10:02:19.263,1.98788,1.98827,1.50,1.00
2015.10.05 10:02:19.515,1.98791,1.98827,1.00,1.00
2015.10.05 10:02:20.178,1.9879,1.98827,1.00,1.00
2015.10.05 10:02:20.517,1.98793,1.98827,1.00,1.00
2015.10.05 10:02:20.751,1.9879,1.98827,1.00,1.00
2015.10.05 10:02:20.802,1.98793,1.98827,1.00,1.00
2015.10.05 10:02:21.611,1.98795,1.98829,1.00,1.00
2015.10.05 10:02:21.819,1.98792,1.98829,1.00,1.00
2015.10.05 10:02:22.021,1.98796,1.98829,1.00,1.00
2015.10.05 10:02:22.324,1.98798,1.98829,1.00,1.00
2015.10.05 10:02:22.425,1.98799,1.98832,1.00,1.00
2015.10.05 10:02:23.326,1.98793,1.98832,2.25,1.00
2015.10.05 10:02:23.377,1.98796,1.98832,1.00,1.00
2015.10.05 10:02:23.699,1.98794,1.98832,1.00,1.00
2015.10.05 10:02:24.714,1.98797,1.98832,1.00,1.00
2015.10.05 10:02:25.248,1.98798,1.98832,1.00,1.00
2015.10.05 10:02:25.500,1.98796,1.98832,1.00,1.00
2015.10.05 10:02:26.342,1.98795,1.98832,1.00,1.00
2015.10.05 10:02:27.005,1.98796,1.98832,1.00,1.00
2015.10.05 10:02:27.738,1.98796,1.9884,1.00,1.00
2015.10.05 10:02:28.439,1.98797,1.9884,1.00,1.00
2015.10.05 10:02:30.131,1.98797,1.98843,1.00,1.00
2015.10.05 10:02:30.298,1.98799,1.98843,1.00,1.00
2015.10.05 10:02:30.744,1.98797,1.98843,1.00,1.00
2015.10.05 10:02:31.383,1.98798,1.98843,1.00,1.00
2015.10.05 10:02:32.737,1.98803,1.98843,1.00,1.00
2015.10.05 10:02:32.787,1.98803,1.98847,1.00,1.00
2015.10.05 10:02:33.364,1.98803,1.98844,1.00,1.00
2015.10.05 10:02:33.415,1.98797,1.98844,1.00,1.00
2015.10.05 10:02:33.927,1.98798,1.98847,2.25,1.50
2015.10.05 10:02:33.978,1.98804,1.98847,1.00,1.00
2015.10.05 10:02:34.129,1.98804,1.98851,2.25,1.00
2015.10.05 10:02:34.180,1.98806,1.98851,1.00,1.00
2015.10.05 10:02:34.891,1.98808,1.98851,1.50,1.00
2015.10.05 10:02:37.939,1.98809,1.98849,1.00,1.00
2015.10.05 10:02:38.040,1.98804,1.98847,1.00,1.00
2015.10.05 10:02:38.091,1.98804,1.98845,1.00,1.00
2015.10.05 10:02:38.554,1.98797,1.98845,1.00,1.00
2015.10.05 10:02:38.605,1.98795,1.98833,1.00,1.00
2015.10.05 10:02:39.128,1.98794,1.98833,1.50,1.00
2015.10.05 10:02:40.198,1.98796,1.98833,1.00,1.00
2015.10.05 10:02:40.628,1.98798,1.98833,1.00,1.00
2015.10.05 10:02:41.081,1.98795,1.98833,1.00,1.00
2015.10.05 10:02:42.350,1.98788,1.98824,1.00,1.00
2015.10.05 10:02:42.401,1.98786,1.98824,1.00,1.00
2015.10.05 10:02:42.508,1.98784,1.98824,1.50,1.00
2015.10.05 10:02:42.881,1.98784,1.98821,1.00,1.00
2015.10.05 10:02:43.848,1.98795,1.98827,1.00,1.00
2015.10.05 10:02:44.151,1.98804,1.98827,1.00,1.00
2015.10.05 10:02:44.501,1.98806,1.98827,1.00,1.00
2015.10.05 10:02:44.703,1.98808,1.9883,1.00,1.00
2015.10.05 10:02:45.252,1.98806,1.98844,1.00,1.00
2015.10.05 10:02:45.303,1.98808,1.98846,1.00,1.00
2015.10.05 10:02:45.606,1.98818,1.9885,1.00,1.00
2015.10.05 10:02:45.909,1.98818,1.98852,1.00,1.00
2015.10.05 10:02:47.665,1.98815,1.98852,1.00,1.00
2015.10.05 10:02:47.716,1.98813,1.98852,2.25,1.00
2015.10.05 10:02:48.245,1.98805,1.98845,1.00,1.00
2015.10.05 10:02:48.396,1.98803,1.98841,1.00,1.00
2015.10.05 10:02:48.497,1.98798,1.98837,1.00,1.00
2015.10.05 10:02:48.937,1.98788,1.98828,1.00,1.00
2015.10.05 10:02:49.037,1.9879,1.98825,1.00,1.00
2015.10.05 10:02:49.088,1.9879,1.98829,1.00,1.00
2015.10.05 10:02:49.139,1.98795,1.98831,1.00,1.00
2015.10.05 10:02:49.340,1.98793,1.98831,1.00,1.00
2015.10.05 10:02:49.949,1.98794,1.98831,1.00,1.00
2015.10.05 10:02:50.100,1.98801,1.98831,1.00,1.00
2015.10.05 10:02:50.151,1.98801,1.98835,1.00,1.00
2015.10.05 10:02:50.208,1.98804,1.98835,1.00,1.00
2015.10.05 10:02:50.258,1.98804,1.98838,1.00,1.00
2015.10.05 10:02:50.410,1.98804,1.98841,1.00,1.00
2015.10.05 10:02:50.519,1.98806,1.98844,1.00,1.00
2015.10.05 10:02:50.673,1.98803,1.98844,1.50,1.00
2015.10.05 10:02:51.399,1.98802,1.98844,1.50,1.00
2015.10.05 10:02:51.450,1.98803,1.9884,1.00,1.00
2015.10.05 10:02:51.748,1.98801,1.9884,1.00,1.00
2015.10.05 10:02:51.901,1.98803,1.9884,1.00,1.00
2015.10.05 10:02:52.204,1.98809,1.9884,1.00,1.00
2015.10.05 10:02:52.553,1.98805,1.9884,1.00,1.00
2015.10.05 10:02:53.027,1.98807,1.98844,1.00,1.00
2015.10.05 10:02:53.178,1.98809,1.98844,1.00,1.00
2015.10.05 10:02:53.838,1.98808,1.98844,1.00,1.00
2015.10.05 10:02:53.948,1.98805,1.98844,1.00,1.00
2015.10.05 10:02:54.099,1.98808,1.98844,1.00,1.00
2015.10.05 10:02:54.306,1.98803,1.98844,1.00,1.00
2015.10.05 10:02:54.407,1.98803,1.9884,1.00,1.00
2015.10.05 10:02:55.410,1.98798,1.98832,1.00,1.00
2015.10.05 10:02:55.463,1.98784,1.98822,1.00,1.00
2015.10.05 10:02:55.970,1.98783,1.98822,1.00,1.00
2015.10.05 10:02:56.891,1.98773,1.98813,2.25,1.00
2015.10.05 10:02:57.413,1.98774,1.98813,1.00,1.00
2015.10.05 10:02:58.616,1.98773,1.98813,1.00,1.50
2015.10.05 10:02:58.717,1.98763,1.98804,1.50,1.00
2015.10.05 10:02:58.919,1.98775,1.98808,1.00,1.00
2015.10.05 10:02:59.070,1.98776,1.98811,1.00,1.00
2015.10.05 10:02:59.221,1.98775,1.98804,1.00,1.00
2015.10.05 10:02:59.272,1.98768,1.98804,1.00,1.00
2015.10.05 10:02:59.323,1.98762,1.98801,1.00,1.00
2015.10.05 10:02:59.424,1.9876,1.98801,1.50,1.00
2015.10.05 10:02:59.525,1.98759,1.98797,1.00,1.00
2015.10.05 10:02:59.984,1.98759,1.98794,1.00,1.00
2015.10.05 10:03:00.035,1.98751,1.98791,1.00,1.00
2015.10.05 10:03:00.589,1.98748,1.98787,1.50,1.00
2015.10.05 10:03:00.892,1.98758,1.98794,1.00,1.00
2015.10.05 10:03:00.942,1.98758,1.98797,1.00,1.00
2015.10.05 10:03:01.857,1.98757,1.98797,1.00,1.00
2015.10.05 10:03:01.908,1.98755,1.98794,1.00,1.00
2015.10.05 10:03:02.009,1.98753,1.98794,1.00,1.00
2015.10.05 10:03:02.110,1.98751,1.9879,1.00,1.00
2015.10.05 10:03:02.589,1.98751,1.98786,1.00,1.00
2015.10.05 10:03:02.640,1.98749,1.98786,1.00,1.00
2015.10.05 10:03:03.446,1.98744,1.98782,1.00,1.00
2015.10.05 10:03:03.547,1.98747,1.98782,1.00,1.00
2015.10.05 10:03:04.179,1.98749,1.98782,1.00,1.00
2015.10.05 10:03:05.049,1.9875,1.98782,1.00,1.00
2015.10.05 10:03:05.200,1.98751,1.98793,1.50,1.00
2015.10.05 10:03:05.301,1.9875,1.98788,1.00,1.00
2015.10.05 10:03:05.502,1.98748,1.98788,1.00,1.00
2015.10.05 10:03:05.984,1.98748,1.98785,1.00,1.00
2015.10.05 10:03:07.031,1.98753,1.98785,1.00,1.00
2015.10.05 10:03:09.173,1.98749,1.98785,1.00,1.00
2015.10.05 10:03:09.490,1.98751,1.98785,1.00,1.00
2015.10.05 10:03:09.591,1.98749,1.98785,1.50,1.00
2015.10.05 10:03:09.692,1.98751,1.98785,1.00,1.00
2015.10.05 10:03:10.884,1.98753,1.98789,1.00,1.00
2015.10.05 10:03:11.308,1.98751,1.98789,1.00,1.00
2015.10.05 10:03:11.409,1.98751,1.98792,1.00,1.00
2015.10.05 10:03:11.460,1.98749,1.98792,1.00,1.00
2015.10.05 10:03:11.561,1.98751,1.98792,1.00,1.00
2015.10.05 10:03:11.662,1.98748,1.98792,1.00,1.00
2015.10.05 10:03:11.918,1.9875,1.98792,1.00,1.00
2015.10.05 10:03:12.673,1.98751,1.98794,1.00,1.00
2015.10.05 10:03:12.885,1.98753,1.98794,1.00,1.00
2015.10.05 10:03:13.238,1.98755,1.98794,1.00,1.00
2015.10.05 10:03:13.418,1.98753,1.98794,1.50,1.00
2015.10.05 10:03:14.090,1.98756,1.98794,1.00,1.00
2015.10.05 10:03:14.589,1.98752,1.98799,1.00,1.00
2015.10.05 10:03:14.643,1.98756,1.98799,1.00,1.00
2015.10.05 10:03:15.176,1.98753,1.98799,1.00,1.00
2015.10.05 10:03:15.227,1.98749,1.98795,1.00,1.00
2015.10.05 10:03:15.429,1.98746,1.98795,1.50,1.50
2015.10.05 10:03:15.530,1.98746,1.98792,1.00,1.00
2015.10.05 10:03:15.832,1.98753,1.9879,1.00,1.00
2015.10.05 10:03:16.502,1.98758,1.9879,1.00,1.00
2015.10.05 10:03:16.905,1.98759,1.98797,1.00,1.00
2015.10.05 10:03:17.451,1.9876,1.98797,1.00,1.00
2015.10.05 10:03:18.419,1.98761,1.98804,1.00,1.00
2015.10.05 10:03:18.605,1.98763,1.98804,1.50,1.00
2015.10.05 10:03:18.857,1.98768,1.9881,1.00,1.00
2015.10.05 10:03:19.389,1.98769,1.9881,1.00,1.00
2015.10.05 10:03:19.490,1.98774,1.98816,1.00,1.50
2015.10.05 10:03:19.591,1.98774,1.98819,1.50,1.00
2015.10.05 10:03:19.692,1.98781,1.98819,1.00,1.00
2015.10.05 10:03:20.216,1.98781,1.98822,1.00,1.00
2015.10.05 10:03:20.267,1.98783,1.98822,1.00,1.00
2015.10.05 10:03:20.971,1.98783,1.98825,1.00,1.00
2015.10.05 10:03:22.537,1.98778,1.98823,1.50,1.00
2015.10.05 10:03:23.222,1.98782,1.98823,1.00,1.00
2015.10.05 10:03:23.323,1.98779,1.98823,1.00,1.00
2015.10.05 10:03:25.448,1.98777,1.98818,1.00,1.00
2015.10.05 10:03:26.331,1.98774,1.98818,1.50,1.00
2015.10.05 10:03:26.884,1.98775,1.98818,1.00,1.00
2015.10.05 10:03:27.278,1.98775,1.98816,1.00,1.00
2015.10.05 10:03:29.597,1.98783,1.98816,1.00,1.00
2015.10.05 10:03:30.120,1.98783,1.9882,1.00,1.00
2015.10.05 10:03:30.788,1.98781,1.98815,1.00,1.00
2015.10.05 10:03:30.839,1.98777,1.98815,1.00,1.00
2015.10.05 10:03:30.940,1.98773,1.98813,1.00,1.00
2015.10.05 10:03:30.990,1.98773,1.98809,1.00,1.00
2015.10.05 10:03:31.142,1.9877,1.98809,1.00,1.00
2015.10.05 10:03:31.726,1.98768,1.98809,1.50,1.00
2015.10.05 10:03:33.480,1.98766,1.98806,1.00,1.00
2015.10.05 10:03:33.783,1.9877,1.98806,1.00,1.00
2015.10.05 10:03:33.833,1.9877,1.98808,1.00,1.00
2015.10.05 10:03:34.085,1.98767,1.98806,1.00,1.00
2015.10.05 10:03:34.136,1.98765,1.98806,1.00,1.00
2015.10.05 10:03:34.287,1.98763,1.98802,1.50,1.00
2015.10.05 10:03:34.590,1.98765,1.98802,1.00,1.00
2015.10.05 10:03:35.615,1.98767,1.98802,1.00,1.00
2015.10.05 10:03:35.967,1.98763,1.98802,1.00,1.00
2015.10.05 10:03:36.018,1.98762,1.98799,1.00,1.00
2015.10.05 10:03:36.069,1.98757,1.98796,1.00,1.00
2015.10.05 10:03:36.120,1.98752,1.98793,1.00,1.00
2015.10.05 10:03:36.170,1.98749,1.98786,1.00,1.00
2015.10.05 10:03:36.221,1.98744,1.98782,1.50,1.00
2015.10.05 10:03:36.474,1.98743,1.9878,1.00,1.00
2015.10.05 10:03:36.526,1.9874,1.9878,1.00,1.00
2015.10.05 10:03:37.208,1.98746,1.98788,1.50,1.00
2015.10.05 10:03:37.315,1.9875,1.98788,1.00,1.00
2015.10.05 10:03:37.630,1.98753,1.98788,1.00,1.00
2015.10.05 10:03:37.681,1.98753,1.98791,1.00,1.00
2015.10.05 10:03:37.782,1.98753,1.98794,1.50,1.00
2015.10.05 10:03:37.934,1.98759,1.98797,1.00,1.00
2015.10.05 10:03:38.086,1.98761,1.988,1.00,1.00
2015.10.05 10:03:38.188,1.98769,1.988,1.00,1.00
2015.10.05 10:03:38.710,1.98763,1.988,1.00,1.00
2015.10.05 10:03:40.458,1.98753,1.98794,1.00,1.00
2015.10.05 10:03:41.760,1.98749,1.98791,1.00,1.00
2015.10.05 10:03:41.811,1.98748,1.98788,1.00,1.00
2015.10.05 10:03:42.512,1.98746,1.98788,1.00,1.00
2015.10.05 10:03:42.614,1.98742,1.98784,1.00,1.00
2015.10.05 10:03:42.966,1.9874,1.98779,1.50,1.00
2015.10.05 10:03:43.707,1.98741,1.98779,1.00,1.00
2015.10.05 10:03:44.019,1.98743,1.98779,1.00,1.00
2015.10.05 10:03:44.322,1.98747,1.98782,1.00,1.00
2015.10.05 10:03:44.373,1.98747,1.98786,1.00,1.00
2015.10.05 10:03:44.474,1.9875,1.98786,1.00,1.00
2015.10.05 10:03:44.524,1.9875,1.9879,1.00,1.00
2015.10.05 10:03:45.066,1.98752,1.9879,1.00,1.00
2015.10.05 10:03:45.375,1.9875,1.9879,1.00,1.00
2015.10.05 10:03:45.475,1.98753,1.9879,1.00,1.00
2015.10.05 10:03:45.977,1.98752,1.9879,1.00,1.00
2015.10.05 10:03:47.041,1.98752,1.98782,1.00,1.00
2015.10.05 10:03:47.092,1.98736,1.98777,1.00,1.00
2015.10.05 10:03:47.585,1.98734,1.98777,1.00,1.00
2015.10.05 10:03:47.787,1.98737,1.98777,1.00,1.00
2015.10.05 10:03:47.939,1.98737,1.9878,1.00,1.00
2015.10.05 10:03:48.845,1.98734,1.9878,1.50,1.00
2015.10.05 10:03:49.898,1.98736,1.9878,1.00,1.00
2015.10.05 10:03:50.486,1.98746,1.98787,1.00,1.00
2015.10.05 10:03:50.537,1.98746,1.98791,1.00,1.00
2015.10.05 10:03:50.898,1.98743,1.98787,1.00,1.00
2015.10.05 10:03:51.049,1.98743,1.9879,1.50,1.00
2015.10.05 10:03:51.150,1.98748,1.9879,1.00,1.00
2015.10.05 10:03:51.911,1.98745,1.9879,1.00,1.00
2015.10.05 10:03:52.347,1.98748,1.9879,1.00,1.00
2015.10.05 10:03:52.650,1.98753,1.98795,1.50,1.00
2015.10.05 10:03:53.600,1.98755,1.98795,1.00,1.00
2015.10.05 10:03:53.650,1.98753,1.98795,1.50,1.00
2015.10.05 10:03:54.505,1.98748,1.98795,1.50,1.00
2015.10.05 10:03:54.556,1.98748,1.98792,1.00,1.00
2015.10.05 10:03:54.657,1.98748,1.98795,1.50,1.50
2015.10.05 10:03:54.707,1.9875,1.98795,1.00,1.50
2015.10.05 10:03:55.283,1.98753,1.98794,1.50,1.00
2015.10.05 10:03:55.897,1.98753,1.98795,1.00,1.50
2015.10.05 10:03:56.237,1.98755,1.98795,1.00,1.50
2015.10.05 10:03:57.261,1.98756,1.98795,1.00,1.00
2015.10.05 10:03:58.594,1.98753,1.98794,1.00,1.50
2015.10.05 10:03:58.644,1.98752,1.98781,1.00,1.00
2015.10.05 10:03:59.658,1.98746,1.98765,1.00,1.00
2015.10.05 10:03:59.709,1.98721,1.9876,1.00,1.00
2015.10.05 10:04:00.219,1.98713,1.98756,1.00,1.00
2015.10.05 10:04:00.270,1.98713,1.98753,1.00,1.00
2015.10.05 10:04:00.371,1.98709,1.9875,1.00,1.00
2015.10.05 10:04:00.573,1.98708,1.98746,1.00,1.00
2015.10.05 10:04:01.042,1.98705,1.98746,1.00,1.00
2015.10.05 10:04:01.310,1.98707,1.98746,1.00,1.00
2015.10.05 10:04:01.417,1.98704,1.98746,1.00,1.00
2015.10.05 10:04:01.518,1.98708,1.98749,1.00,1.00
2015.10.05 10:04:01.771,1.98706,1.98749,1.00,1.00
2015.10.05 10:04:01.922,1.98707,1.98746,1.00,1.00
2015.10.05 10:04:01.973,1.98704,1.98746,1.00,1.00
2015.10.05 10:04:02.666,1.98707,1.98746,1.00,1.00
2015.10.05 10:04:02.767,1.98705,1.98746,1.00,1.00
2015.10.05 10:04:02.869,1.98701,1.98746,1.00,1.00
2015.10.05 10:04:02.919,1.98703,1.98746,1.00,1.00
2015.10.05 10:04:03.227,1.98699,1.98742,1.00,1.00
2015.10.05 10:04:03.970,1.98693,1.98732,1.00,1.00
2015.10.05 10:04:04.122,1.98695,1.98735,1.00,1.00
2015.10.05 10:04:04.173,1.9869,1.98735,1.00,1.00
2015.10.05 10:04:04.274,1.98695,1.98735,1.00,1.00
2015.10.05 10:04:04.784,1.98694,1.98735,1.50,1.00
2015.10.05 10:04:05.398,1.98693,1.98735,1.00,1.00
2015.10.05 10:04:05.991,1.98694,1.98735,1.00,1.00
2015.10.05 10:04:06.243,1.9869,1.98735,1.00,1.00
2015.10.05 10:04:07.161,1.98686,1.98735,1.50,1.00
2015.10.05 10:04:07.262,1.98689,1.98735,1.00,1.00
2015.10.05 10:04:07.916,1.98692,1.98735,1.00,1.00
2015.10.05 10:04:08.019,1.9869,1.98735,1.00,1.00
2015.10.05 10:04:08.562,1.9869,1.98734,1.00,1.00
2015.10.05 10:04:08.614,1.98694,1.98734,1.00,1.00
2015.10.05 10:04:08.936,1.98692,1.98734,1.00,1.00
2015.10.05 10:04:09.345,1.98695,1.98734,1.00,1.00
2015.10.05 10:04:09.447,1.98693,1.98734,1.00,1.00
2015.10.05 10:04:10.188,1.98694,1.9874,1.50,1.00
2015.10.05 10:04:10.239,1.98708,1.9874,1.00,1.00
2015.10.05 10:04:10.340,1.98705,1.9874,1.00,1.00
2015.10.05 10:04:10.491,1.98705,1.98745,1.00,1.00
2015.10.05 10:04:10.851,1.98708,1.98752,1.00,1.00
2015.10.05 10:04:12.115,1.98706,1.98752,1.00,1.00
2015.10.05 10:04:12.165,1.98704,1.98747,1.00,1.00
2015.10.05 10:04:12.600,1.98708,1.98747,1.00,1.00
2015.10.05 10:04:13.137,1.98704,1.98747,1.50,1.00
2015.10.05 10:04:13.701,1.98705,1.98747,1.00,1.00
2015.10.05 10:04:13.753,1.98708,1.98747,1.00,1.00
2015.10.05 10:04:14.063,1.98714,1.98747,1.00,1.00
2015.10.05 10:04:14.164,1.98709,1.98747,1.00,1.00
2015.10.05 10:04:14.216,1.98707,1.98747,1.00,1.00
2015.10.05 10:04:14.369,1.98713,1.98747,1.00,1.00
2015.10.05 10:04:14.470,1.98713,1.98752,1.00,1.00
2015.10.05 10:04:15.188,1.98704,1.98751,1.50,1.50
2015.10.05 10:04:15.240,1.98704,1.98746,1.50,1.00
2015.10.05 10:04:15.572,1.98704,1.98743,1.00,1.00
2015.10.05 10:04:15.674,1.98707,1.98747,1.00,1.00
2015.10.05 10:04:16.135,1.98707,1.98743,1.00,1.00
2015.10.05 10:04:16.186,1.98704,1.98742,1.00,1.00
2015.10.05 10:04:16.662,1.98698,1.98741,1.00,1.00
2015.10.05 10:04:17.179,1.98698,1.98742,1.00,1.00
2015.10.05 10:04:18.465,1.98699,1.98742,1.00,1.00
2015.10.05 10:04:18.516,1.98699,1.9874,1.50,1.00
2015.10.05 10:04:18.617,1.98705,1.98751,1.00,1.00
2015.10.05 10:04:18.934,1.98709,1.98751,1.00,1.00
2015.10.05 10:04:19.236,1.98709,1.98748,1.00,1.00
2015.10.05 10:04:19.958,1.98721,1.98759,1.00,1.00
2015.10.05 10:04:20.159,1.98723,1.98762,1.00,1.00
2015.10.05 10:04:20.440,1.9872,1.98761,1.00,1.00
2015.10.05 10:04:20.627,1.9872,1.98767,1.00,1.00
2015.10.05 10:04:21.449,1.98723,1.98766,1.00,1.00
2015.10.05 10:04:21.896,1.98718,1.98762,1.00,1.00
2015.10.05 10:04:21.997,1.98713,1.98759,1.00,1.50
2015.10.05 10:04:22.355,1.98713,1.98757,1.00,1.00
2015.10.05 10:04:22.405,1.98708,1.98757,1.50,1.50
2015.10.05 10:04:23.459,1.98714,1.98757,1.00,1.00
2015.10.05 10:04:23.514,1.98714,1.98759,1.00,1.00
2015.10.05 10:04:23.565,1.98717,1.98761,1.00,1.00
2015.10.05 10:04:23.868,1.98719,1.98761,1.00,1.00
2015.10.05 10:04:24.949,1.98723,1.98764,1.00,1.00
2015.10.05 10:04:26.935,1.98729,1.98764,1.00,1.00
2015.10.05 10:04:27.111,1.98724,1.98764,1.00,1.00
2015.10.05 10:04:27.638,1.98724,1.98763,1.00,1.00
2015.10.05 10:04:28.182,1.98724,1.98764,1.00,1.00
2015.10.05 10:04:28.334,1.9872,1.98763,1.00,1.00
2015.10.05 10:04:28.385,1.98718,1.98761,1.00,1.50
2015.10.05 10:04:28.687,1.98718,1.98757,1.00,1.00
2015.10.05 10:04:29.350,1.98718,1.98759,1.00,1.00
2015.10.05 10:04:29.501,1.98718,1.98764,1.00,1.50
2015.10.05 10:04:29.552,1.98723,1.98764,1.00,1.50
2015.10.05 10:04:30.040,1.98728,1.98771,1.00,1.00
2015.10.05 10:04:30.594,1.98728,1.98772,1.00,1.00
2015.10.05 10:04:30.645,1.98723,1.98772,1.50,1.50
2015.10.05 10:04:31.103,1.98723,1.98767,1.00,1.00
2015.10.05 10:04:31.154,1.98716,1.98764,1.00,1.00
2015.10.05 10:04:31.619,1.98713,1.98761,1.00,1.00
2015.10.05 10:04:31.669,1.98708,1.98757,1.00,1.50
2015.10.05 10:04:31.997,1.98706,1.98754,1.00,1.00
2015.10.05 10:04:32.304,1.98708,1.98754,1.00,1.00
2015.10.05 10:04:33.173,1.98707,1.98754,1.00,1.00
2015.10.05 10:04:33.506,1.9871,1.98756,1.00,1.00
2015.10.05 10:04:33.808,1.98713,1.98756,1.50,1.00
2015.10.05 10:04:34.060,1.98711,1.98756,1.00,1.50
2015.10.05 10:04:34.211,1.98709,1.98747,1.00,1.00
2015.10.05 10:04:34.262,1.98703,1.98747,1.00,1.00
2015.10.05 10:04:35.225,1.98714,1.98747,1.00,1.00
2015.10.05 10:04:35.276,1.98714,1.98758,1.00,1.00
2015.10.05 10:04:35.780,1.98713,1.98758,1.00,1.00
2015.10.05 10:04:36.334,1.98713,1.98757,1.00,1.00
2015.10.05 10:04:36.435,1.98709,1.98758,1.50,1.50
2015.10.05 10:04:36.895,1.98708,1.98756,1.50,2.25
2015.10.05 10:04:37.232,1.98707,1.98754,1.00,1.00
2015.10.05 10:04:37.734,1.98706,1.98753,1.00,1.00
2015.10.05 10:04:38.387,1.98704,1.9875,1.00,1.00
2015.10.05 10:04:41.207,1.98704,1.98749,1.00,1.00
2015.10.05 10:04:43.255,1.98701,1.98749,1.00,1.00
2015.10.05 10:04:43.306,1.98699,1.98746,1.50,1.00
2015.10.05 10:04:44.022,1.98699,1.98748,1.50,1.00
2015.10.05 10:04:45.130,1.98699,1.98746,1.50,1.00
2015.10.05 10:04:45.589,1.98703,1.98746,1.00,1.00
2015.10.05 10:04:45.640,1.98703,1.98749,1.00,1.00
2015.10.05 10:04:45.865,1.98703,1.98751,1.00,1.00
2015.10.05 10:04:50.041,1.98703,1.98743,1.00,1.00
2015.10.05 10:04:50.142,1.98693,1.98737,1.50,1.00
2015.10.05 10:04:50.256,1.98691,1.98735,1.00,1.00
2015.10.05 10:04:50.564,1.98694,1.98737,1.00,1.50
2015.10.05 10:04:50.665,1.98689,1.98737,1.00,1.00
2015.10.05 10:04:50.716,1.98688,1.98731,1.00,1.00
2015.10.05 10:04:51.641,1.98685,1.98733,1.00,1.00
2015.10.05 10:04:52.168,1.98686,1.98733,1.00,1.00
2015.10.05 10:04:52.471,1.98685,1.98731,1.00,1.00
2015.10.05 10:04:52.572,1.98685,1.98733,1.50,1.00
2015.10.05 10:04:52.824,1.98685,1.98731,1.00,1.00
2015.10.05 10:04:53.305,1.98688,1.98731,1.00,1.00
2015.10.05 10:04:53.557,1.98688,1.98734,1.00,2.25
2015.10.05 10:04:53.860,1.98685,1.98734,1.00,2.25
2015.10.05 10:04:53.911,1.98684,1.98729,1.00,1.00
2015.10.05 10:04:53.961,1.9868,1.98729,1.00,1.00
2015.10.05 10:04:54.178,1.98678,1.98727,2.25,1.00
2015.10.05 10:04:54.738,1.98678,1.98724,1.00,1.00
2015.10.05 10:04:55.131,1.98676,1.98725,1.50,1.00
2015.10.05 10:04:55.282,1.98678,1.98725,1.00,1.00
2015.10.05 10:04:55.963,1.98678,1.98722,1.00,1.00
2015.10.05 10:04:56.475,1.98678,1.98723,1.00,1.00
2015.10.05 10:04:56.688,1.98678,1.98725,1.00,1.00
2015.10.05 10:04:56.789,1.98678,1.98723,1.00,1.00
2015.10.05 10:04:56.839,1.98674,1.98723,1.00,1.00
2015.10.05 10:04:56.991,1.98673,1.98718,1.00,1.00
2015.10.05 10:04:57.941,1.98688,1.98727,1.00,1.00
2015.10.05 10:04:57.992,1.98688,1.98733,1.00,1.50
2015.10.05 10:04:58.093,1.98688,1.98735,1.00,1.00
2015.10.05 10:04:58.144,1.98685,1.98731,1.00,1.00
2015.10.05 10:04:58.446,1.98681,1.9872,1.00,1.00
2015.10.05 10:04:58.748,1.98681,1.98722,1.00,1.00
2015.10.05 10:04:58.849,1.98678,1.98722,1.00,1.00
2015.10.05 10:04:59.518,1.98679,1.98722,1.00,1.00
2015.10.05 10:04:59.626,1.98678,1.98725,1.50,1.00
2015.10.05 10:04:59.878,1.98679,1.98728,1.00,1.00
2015.10.05 10:05:00.180,1.98682,1.98729,1.00,1.00
2015.10.05 10:05:00.331,1.98679,1.98727,1.00,1.00
2015.10.05 10:05:01.503,1.98688,1.98734,1.00,1.00
2015.10.05 10:05:01.809,1.98694,1.98738,1.00,1.00
2015.10.05 10:05:01.911,1.98686,1.98736,1.00,1.00
2015.10.05 10:05:01.962,1.98684,1.98733,2.25,1.00
2015.10.05 10:05:02.415,1.98687,1.98734,1.00,1.50
2015.10.05 10:05:03.185,1.98685,1.98732,1.50,1.00
2015.10.05 10:05:03.486,1.98687,1.98734,1.00,1.00
2015.10.05 10:05:03.788,1.98685,1.98728,1.00,1.00
2015.10.05 10:05:03.839,1.98685,1.9873,1.00,1.00
2015.10.05 10:05:03.990,1.98689,1.9873,1.00,1.00
2015.10.05 10:05:04.091,1.98683,1.98727,1.00,1.00
2015.10.05 10:05:04.551,1.98688,1.98727,1.00,1.00
2015.10.05 10:05:04.602,1.98688,1.98732,1.00,1.00
2015.10.05 10:05:04.754,1.98685,1.98732,1.00,1.00
2015.10.05 10:05:04.956,1.98685,1.98729,1.00,1.00
2015.10.05 10:05:05.058,1.98685,1.98731,1.00,1.00
2015.10.05 10:05:05.826,1.98685,1.98728,1.00,1.00
2015.10.05 10:05:06.031,1.98685,1.98731,1.00,1.00
2015.10.05 10:05:06.255,1.98682,1.9873,1.50,1.00
2015.10.05 10:05:06.406,1.98684,1.98729,1.00,1.00
2015.10.05 10:05:06.858,1.98682,1.98729,1.00,1.00
2015.10.05 10:05:07.344,1.98682,1.98726,1.00,1.00
2015.10.05 10:05:07.395,1.98682,1.98728,1.00,1.00
2015.10.05 10:05:07.976,1.9868,1.98727,1.00,1.00
2015.10.05 10:05:08.480,1.98679,1.98727,2.25,1.00
2015.10.05 10:05:09.336,1.98688,1.98733,1.00,1.50
2015.10.05 10:05:09.387,1.98689,1.98736,1.00,3.00
2015.10.05 10:05:09.922,1.9869,1.98736,1.00,1.00
2015.10.05 10:05:10.373,1.98693,1.98738,1.00,1.00
2015.10.05 10:05:12.960,1.98693,1.98736,1.00,1.00
2015.10.05 10:05:13.060,1.98693,1.98738,1.00,1.00
2015.10.05 10:05:13.161,1.98693,1.98734,1.00,1.00
2015.10.05 10:05:13.477,1.98693,1.98732,1.00,1.00
2015.10.05 10:05:13.527,1.98689,1.98732,1.00,1.50
2015.10.05 10:05:13.628,1.98688,1.9873,1.00,1.00
2015.10.05 10:05:13.679,1.98684,1.9873,1.00,1.00
2015.10.05 10:05:13.729,1.98683,1.98726,1.00,1.00
2015.10.05 10:05:14.946,1.98683,1.98723,1.00,1.00
2015.10.05 10:05:14.996,1.98683,1.98727,1.00,1.00
2015.10.05 10:05:15.512,1.98683,1.98728,1.00,1.00
2015.10.05 10:05:16.048,1.98684,1.98727,1.00,1.00
2015.10.05 10:05:16.762,1.98683,1.98727,1.00,1.50
2015.10.05 10:05:16.813,1.98683,1.98725,1.00,1.00
2015.10.05 10:05:16.863,1.98678,1.98725,1.50,1.00
2015.10.05 10:05:17.015,1.98678,1.98722,1.50,1.00
2015.10.05 10:05:17.318,1.98678,1.98717,1.00,1.00
2015.10.05 10:05:18.098,1.98679,1.98718,1.00,1.50
2015.10.05 10:05:18.507,1.98681,1.9872,1.00,1.00
2015.10.05 10:05:18.809,1.98681,1.98717,1.00,1.00
2015.10.05 10:05:19.902,1.98681,1.98719,1.00,1.00
2015.10.05 10:05:20.415,1.98681,1.98718,1.00,1.00
2015.10.05 10:05:21.096,1.98674,1.98715,1.00,1.00
2015.10.05 10:05:21.297,1.98671,1.98717,1.00,1.00
2015.10.05 10:05:21.738,1.98668,1.98715,2.25,1.00
2015.10.05 10:05:22.272,1.98668,1.98709,2.25,1.00
2015.10.05 10:05:23.226,1.98669,1.98709,1.00,1.00
2015.10.05 10:05:25.139,1.98672,1.98711,1.00,1.00
2015.10.05 10:05:25.609,1.98675,1.98715,1.00,1.00
2015.10.05 10:05:27.845,1.98677,1.98719,1.00,1.00
2015.10.05 10:05:29.013,1.98678,1.98719,1.00,1.50
2015.10.05 10:05:30.524,1.98675,1.9872,1.00,1.00
2015.10.05 10:05:30.574,1.98675,1.98718,1.00,1.00
2015.10.05 10:05:30.879,1.98673,1.98718,1.00,1.50
2015.10.05 10:05:31.208,1.98672,1.98715,1.00,1.00
2015.10.05 10:05:32.200,1.98672,1.98716,1.00,1.00
2015.10.05 10:05:33.327,1.98674,1.98716,1.00,1.00
2015.10.05 10:05:35.506,1.98674,1.98715,1.00,1.00
2015.10.05 10:05:36.149,1.98681,1.98713,1.00,1.00
2015.10.05 10:05:36.199,1.98681,1.98721,1.00,1.00
2015.10.05 10:05:36.451,1.98677,1.98719,1.00,1.00
2015.10.05 10:05:36.703,1.98677,1.98717,1.00,1.00
2015.10.05 10:05:37.794,1.98677,1.98715,1.00,1.00
2015.10.05 10:05:38.109,1.98677,1.98713,1.00,1.00
2015.10.05 10:05:38.446,1.98674,1.98713,1.00,1.00
2015.10.05 10:05:40.438,1.98674,1.98712,1.00,1.00
2015.10.05 10:05:40.886,1.98674,1.98715,1.00,1.00
2015.10.05 10:05:42.541,1.98674,1.98714,1.00,1.00
2015.10.05 10:05:42.592,1.98671,1.98712,1.00,1.00
2015.10.05 10:05:42.643,1.98668,1.98709,1.50,1.00
2015.10.05 10:05:42.945,1.98665,1.98706,1.00,1.00
2015.10.05 10:05:43.258,1.98668,1.98709,1.00,1.00
2015.10.05 10:05:43.767,1.98663,1.987,1.00,1.00
2015.10.05 10:05:43.817,1.98654,1.987,1.00,1.00
2015.10.05 10:05:44.322,1.98654,1.98699,1.00,1.00
2015.10.05 10:05:46.418,1.98654,1.98701,1.00,1.00
2015.10.05 10:05:46.727,1.98656,1.98702,1.00,1.50
2015.10.05 10:05:47.418,1.98658,1.98702,1.00,1.00
2015.10.05 10:05:47.483,1.98658,1.98705,1.00,1.00
2015.10.05 10:05:47.866,1.98657,1.98701,1.00,1.00
2015.10.05 10:05:47.917,1.98655,1.98701,1.00,1.00
2015.10.05 10:05:49.065,1.98658,1.98702,1.00,1.00
2015.10.05 10:05:49.638,1.98655,1.98702,1.00,1.50
2015.10.05 10:05:51.145,1.98659,1.98702,1.00,1.50
2015.10.05 10:05:51.296,1.98663,1.98707,1.00,1.50
2015.10.05 10:05:52.600,1.98664,1.98706,1.00,1.00
2015.10.05 10:05:52.852,1.98658,1.98705,1.50,1.00
2015.10.05 10:05:52.903,1.98659,1.987,1.00,1.00
2015.10.05 10:05:53.847,1.98656,1.98697,1.00,2.25
2015.10.05 10:05:54.314,1.98656,1.98694,1.00,1.00
2015.10.05 10:05:54.624,1.98656,1.98696,1.00,1.50
2015.10.05 10:05:55.279,1.98656,1.98682,1.00,1.00
2015.10.05 10:05:55.330,1.98647,1.98681,1.00,1.00
2015.10.05 10:05:55.381,1.9864,1.98677,1.00,1.00
2015.10.05 10:05:55.432,1.98638,1.98677,1.00,1.50
2015.10.05 10:05:55.785,1.98638,1.98672,1.00,1.00
2015.10.05 10:05:55.836,1.98634,1.98672,1.00,1.00
2015.10.05 10:05:56.700,1.98634,1.98675,1.00,1.00
2015.10.05 10:05:57.348,1.98638,1.98675,1.00,1.00
2015.10.05 10:05:57.399,1.98638,1.98677,1.50,1.00
2015.10.05 10:05:58.166,1.98643,1.98677,1.00,1.00
2015.10.05 10:05:58.229,1.98646,1.98688,1.00,1.50
2015.10.05 10:05:58.330,1.98648,1.98688,1.00,1.00
2015.10.05 10:05:58.381,1.98649,1.98691,1.00,1.00
2015.10.05 10:05:58.734,1.98649,1.98689,1.00,1.00
2015.10.05 10:05:58.952,1.98646,1.98688,1.00,1.50
2015.10.05 10:05:59.153,1.98646,1.98684,1.00,1.00
2015.10.05 10:05:59.733,1.98638,1.98675,1.50,1.00
2015.10.05 10:05:59.783,1.98635,1.98675,1.00,1.00
2015.10.05 10:06:01.158,1.98633,1.98676,1.50,1.00
2015.10.05 10:06:01.259,1.98633,1.98678,1.50,1.00
2015.10.05 10:06:01.798,1.98633,1.98677,1.50,1.00
2015.10.05 10:06:01.898,1.98633,1.98675,1.50,1.00
2015.10.05 10:06:02.151,1.98633,1.98678,1.50,1.00
2015.10.05 10:06:02.775,1.98633,1.98677,1.00,1.00
2015.10.05 10:06:04.580,1.98628,1.98671,1.00,1.00
2015.10.05 10:06:07.816,1.98629,1.98671,1.00,1.00
2015.10.05 10:06:08.018,1.98628,1.98673,1.00,1.00
2015.10.05 10:06:08.550,1.98628,1.98672,1.00,1.00
2015.10.05 10:06:09.190,1.98628,1.9867,1.00,1.00
2015.10.05 10:06:09.793,1.98628,1.98671,1.00,1.00
2015.10.05 10:06:10.097,1.98633,1.98671,1.00,1.00
2015.10.05 10:06:10.481,1.98628,1.98672,1.00,1.00
2015.10.05 10:06:10.532,1.98633,1.98672,1.00,1.00
2015.10.05 10:06:11.040,1.98628,1.9867,1.00,1.00
2015.10.05 10:06:11.285,1.98633,1.9867,1.00,1.00
2015.10.05 10:06:11.450,1.98633,1.98673,1.00,1.50
2015.10.05 10:06:12.004,1.98635,1.98677,1.00,1.00
2015.10.05 10:06:12.055,1.98635,1.98679,1.00,1.00
2015.10.05 10:06:12.106,1.98635,1.98682,1.50,1.00
2015.10.05 10:06:12.635,1.98648,1.9869,1.00,1.00
2015.10.05 10:06:12.686,1.98648,1.98694,1.00,1.00
2015.10.05 10:06:12.788,1.9865,1.98694,1.00,1.50
2015.10.05 10:06:12.889,1.98648,1.98694,1.50,1.00
2015.10.05 10:06:13.090,1.9865,1.98694,1.00,1.00
2015.10.05 10:06:13.141,1.9865,1.98697,1.00,1.00
2015.10.05 10:06:13.192,1.98653,1.98697,1.00,1.00
2015.10.05 10:06:13.936,1.98654,1.98697,1.00,1.00
2015.10.05 10:06:14.087,1.98656,1.987,1.00,1.00
2015.10.05 10:06:14.213,1.98659,1.987,1.00,1.00
2015.10.05 10:06:14.263,1.98659,1.98703,1.00,1.00
2015.10.05 10:06:14.314,1.98657,1.98703,1.50,1.00
2015.10.05 10:06:14.465,1.98659,1.98706,1.00,1.00
2015.10.05 10:06:14.616,1.98665,1.98707,1.00,1.00
2015.10.05 10:06:14.818,1.98665,1.9871,1.00,1.00
2015.10.05 10:06:15.833,1.98665,1.98697,1.00,1.00
2015.10.05 10:06:15.884,1.98665,1.98699,1.00,1.00
2015.10.05 10:06:15.985,1.98665,1.98701,1.00,1.00
2015.10.05 10:06:16.171,1.98665,1.98698,1.00,1.00
2015.10.05 10:06:16.421,1.98665,1.98701,1.00,1.00
2015.10.05 10:06:16.473,1.9867,1.98701,1.00,1.00
2015.10.05 10:06:16.523,1.98656,1.98697,1.00,1.00
2015.10.05 10:06:16.726,1.98659,1.987,1.00,1.00
2015.10.05 10:06:17.344,1.98662,1.98703,1.00,1.00
2015.10.05 10:06:18.938,1.98667,1.98706,1.00,1.00
2015.10.05 10:06:20.409,1.98667,1.98706,1.50,1.00
2015.10.05 10:06:20.916,1.98674,1.9871,1.00,1.00
2015.10.05 10:06:21.017,1.98674,1.98714,1.50,1.00
2015.10.05 10:06:22.317,1.9867,1.98711,1.00,1.00
2015.10.05 10:06:22.619,1.98667,1.98707,1.00,1.00
2015.10.05 10:06:23.175,1.9867,1.98711,1.00,1.50
2015.10.05 10:06:24.219,1.9867,1.98709,1.00,1.00
2015.10.05 10:06:24.722,1.9867,1.98708,1.00,1.00
2015.10.05 10:06:25.263,1.98666,1.98702,1.00,1.00
2015.10.05 10:06:25.314,1.98663,1.98703,1.50,1.00
2015.10.05 10:06:25.776,1.98663,1.98705,1.50,1.50
2015.10.05 10:06:25.977,1.98666,1.98708,1.00,1.00
2015.10.05 10:06:26.705,1.98681,1.98722,1.00,1.00
2015.10.05 10:06:27.030,1.98686,1.98723,1.00,1.00
2015.10.05 10:06:27.331,1.98686,1.98721,1.00,1.00
2015.10.05 10:06:28.701,1.98686,1.98715,1.00,1.00
2015.10.05 10:06:29.004,1.98686,1.98706,1.00,1.00
2015.10.05 10:06:29.492,1.98686,1.987,1.00,1.00
2015.10.05 10:06:30.134,1.98667,1.987,1.00,1.00
2015.10.05 10:06:30.663,1.98664,1.98699,1.50,1.00
2015.10.05 10:06:31.550,1.98664,1.98698,1.00,1.00
2015.10.05 10:06:31.601,1.98656,1.98697,1.00,1.00
2015.10.05 10:06:31.702,1.98654,1.98692,1.00,1.00
2015.10.05 10:06:32.109,1.98649,1.98691,1.00,1.00
2015.10.05 10:06:34.776,1.98652,1.98694,1.00,1.50
2015.10.05 10:06:35.605,1.98653,1.98694,1.00,1.00
2015.10.05 10:06:36.394,1.98652,1.98694,1.00,1.00
2015.10.05 10:06:38.001,1.98653,1.98694,1.00,1.00
2015.10.05 10:06:38.712,1.98656,1.98697,1.00,1.00
2015.10.05 10:06:39.449,1.98658,1.98697,1.00,1.50
2015.10.05 10:06:39.500,1.98653,1.98693,1.00,1.00
2015.10.05 10:06:39.601,1.98651,1.98693,1.00,1.00
2015.10.05 10:06:39.702,1.98648,1.9869,1.50,1.00
2015.10.05 10:06:41.478,1.98645,1.98686,1.00,1.00
2015.10.05 10:06:45.985,1.98648,1.98686,1.00,1.00
2015.10.05 10:06:48.578,1.98649,1.98688,1.00,1.00
2015.10.05 10:06:49.839,1.98653,1.98693,1.00,1.00
2015.10.05 10:06:50.360,1.98655,1.98695,1.00,1.00
2015.10.05 10:06:53.887,1.98652,1.98691,1.00,1.00
2015.10.05 10:06:55.342,1.98649,1.98688,1.00,1.00
2015.10.05 10:06:55.680,1.98648,1.98685,1.00,1.00
2015.10.05 10:06:55.984,1.98646,1.98685,1.00,1.00
2015.10.05 10:06:56.850,1.98648,1.98685,1.00,1.00
2015.10.05 10:07:00.141,1.98648,1.98689,1.50,1.00
2015.10.05 10:07:00.242,1.98652,1.98694,1.00,1.00
2015.10.05 10:07:00.293,1.98654,1.98694,1.00,1.00
2015.10.05 10:07:00.394,1.98655,1.98697,1.00,2.25
2015.10.05 10:07:01.496,1.98664,1.987,1.00,1.00
2015.10.05 10:07:01.597,1.98662,1.987,1.00,1.00
2015.10.05 10:07:01.746,1.9866,1.987,1.00,1.00
2015.10.05 10:07:01.847,1.98662,1.98703,1.00,1.00
2015.10.05 10:07:02.383,1.98663,1.98703,1.00,1.00
2015.10.05 10:07:02.951,1.98662,1.98703,1.50,1.00
2015.10.05 10:07:03.203,1.98659,1.987,1.00,1.00
2015.10.05 10:07:03.556,1.98657,1.98696,1.00,1.00
2015.10.05 10:07:04.143,1.98652,1.98694,1.00,1.00
2015.10.05 10:07:06.279,1.98653,1.98694,1.00,1.00
2015.10.05 10:07:06.462,1.98656,1.98697,1.00,1.00
2015.10.05 10:07:06.823,1.9866,1.987,1.00,1.00
2015.10.05 10:07:07.837,1.98656,1.98697,1.50,1.00
2015.10.05 10:07:08.083,1.98658,1.98697,1.00,1.00
2015.10.05 10:07:08.535,1.9866,1.98697,1.00,1.00
2015.10.05 10:07:08.687,1.98664,1.98704,1.00,1.00
2015.10.05 10:07:08.738,1.98667,1.98706,1.00,1.00
2015.10.05 10:07:09.192,1.98669,1.9871,1.00,1.00
2015.10.05 10:07:13.040,1.98671,1.9871,1.00,1.00
2015.10.05 10:07:13.244,1.98672,1.98713,1.00,1.00
2015.10.05 10:07:13.294,1.98674,1.98713,1.00,1.00
2015.10.05 10:07:13.445,1.98675,1.98716,1.00,1.00
2015.10.05 10:07:14.166,1.98676,1.98716,1.00,1.00
2015.10.05 10:07:14.826,1.98675,1.98716,1.00,1.00
2015.10.05 10:07:14.927,1.98677,1.98716,1.00,1.00
2015.10.05 10:07:15.615,1.98675,1.98716,1.50,1.00
2015.10.05 10:07:15.998,1.98675,1.98711,1.00,1.00
2015.10.05 10:07:16.049,1.98673,1.98711,1.00,1.00
2015.10.05 10:07:16.567,1.98672,1.98711,1.00,1.00
2015.10.05 10:07:19.943,1.98671,1.98705,1.00,1.00
2015.10.05 10:07:19.994,1.98666,1.98705,1.00,1.00
2015.10.05 10:07:24.296,1.98663,1.98703,1.00,1.00
2015.10.05 10:07:25.393,1.98664,1.98703,1.00,1.00
2015.10.05 10:07:25.939,1.98673,1.98706,1.00,1.00
2015.10.05 10:07:26.153,1.98673,1.9871,1.00,1.00
2015.10.05 10:07:27.059,1.98675,1.9871,1.00,1.00
2015.10.05 10:07:27.820,1.98673,1.9871,1.00,1.00
2015.10.05 10:07:28.663,1.98674,1.9871,1.00,1.00
2015.10.05 10:07:28.915,1.98677,1.98714,1.00,1.00
2015.10.05 10:07:29.124,1.9868,1.98714,1.00,1.00
2015.10.05 10:07:29.175,1.9868,1.98717,1.00,1.00
2015.10.05 10:07:29.276,1.98682,1.98717,1.00,1.00
2015.10.05 10:07:29.581,1.98684,1.98719,1.00,1.00
2015.10.05 10:07:30.747,1.98684,1.98723,1.00,1.50
2015.10.05 10:07:32.541,1.98677,1.98713,1.00,1.00
2015.10.05 10:07:33.762,1.98673,1.98713,2.25,1.00
2015.10.05 10:07:33.813,1.98673,1.98711,1.00,1.00
2015.10.05 10:07:34.432,1.98672,1.987,1.00,1.00
2015.10.05 10:07:34.483,1.98661,1.987,1.00,1.00
2015.10.05 10:07:34.685,1.9866,1.98698,1.00,1.00
2015.10.05 10:07:34.736,1.98658,1.98698,1.50,1.00
2015.10.05 10:07:34.838,1.98658,1.98696,1.00,1.00
2015.10.05 10:07:34.939,1.98659,1.98698,1.00,1.00
2015.10.05 10:07:35.191,1.98657,1.98698,1.00,1.00
2015.10.05 10:07:35.242,1.98657,1.98694,1.00,1.00
2015.10.05 10:07:35.293,1.98654,1.98694,1.00,1.00
2015.10.05 10:07:35.394,1.98652,1.98694,1.50,1.00
2015.10.05 10:07:35.863,1.98651,1.98691,1.00,1.00
2015.10.05 10:07:36.394,1.9865,1.98691,1.00,1.00
2015.10.05 10:07:36.784,1.9865,1.98686,1.00,1.00
2015.10.05 10:07:37.911,1.9865,1.98682,1.00,1.00
2015.10.05 10:07:37.962,1.98645,1.98682,1.50,1.00
2015.10.05 10:07:38.369,1.98645,1.98686,1.00,1.50
2015.10.05 10:07:38.470,1.98644,1.98679,1.00,1.00
2015.10.05 10:07:39.018,1.98644,1.98681,1.00,1.00
2015.10.05 10:07:39.520,1.98643,1.98679,1.00,1.00
2015.10.05 10:07:39.570,1.9864,1.98679,1.00,1.00
2015.10.05 10:07:39.721,1.98636,1.98675,1.50,1.00
2015.10.05 10:07:42.295,1.98645,1.98677,1.00,1.00
2015.10.05 10:07:42.430,1.98645,1.98682,1.00,2.25
2015.10.05 10:07:43.822,1.9864,1.9868,1.00,1.00
2015.10.05 10:07:43.875,1.98653,1.98687,1.00,1.00
2015.10.05 10:07:44.490,1.98653,1.98685,1.00,1.00
2015.10.05 10:07:45.247,1.98653,1.98684,1.00,1.00
2015.10.05 10:07:45.299,1.98656,1.9869,1.00,1.00
2015.10.05 10:07:45.400,1.98656,1.98687,1.00,1.00
2015.10.05 10:07:45.596,1.98656,1.98689,1.00,1.00
2015.10.05 10:07:45.647,1.98656,1.98692,1.00,1.50
2015.10.05 10:07:46.193,1.98656,1.98691,1.00,1.00
2015.10.05 10:07:46.815,1.98651,1.98685,1.00,1.00
2015.10.05 10:07:47.157,1.98643,1.98678,1.00,1.00
2015.10.05 10:07:47.258,1.98638,1.98678,1.00,1.00
2015.10.05 10:07:48.293,1.98645,1.98681,1.00,1.00
2015.10.05 10:07:48.546,1.98649,1.98688,1.00,1.00
2015.10.05 10:07:48.662,1.98649,1.9869,1.00,1.00
2015.10.05 10:07:50.319,1.98649,1.98688,1.00,1.00
2015.10.05 10:07:51.783,1.98644,1.9868,1.00,1.00
2015.10.05 10:07:52.669,1.98644,1.98678,1.00,1.00
2015.10.05 10:07:53.722,1.98644,1.98676,1.00,1.00
2015.10.05 10:07:55.417,1.98644,1.98683,1.00,2.25
2015.10.05 10:07:55.631,1.98646,1.98683,1.00,1.50
2015.10.05 10:07:56.868,1.98646,1.98688,1.00,1.00
2015.10.05 10:07:57.368,1.98651,1.9869,1.00,3.00
2015.10.05 10:07:57.669,1.98651,1.98684,1.00,1.00
2015.10.05 10:07:58.774,1.98646,1.98684,1.00,1.00
2015.10.05 10:07:59.089,1.98646,1.98682,1.00,1.00
2015.10.05 10:07:59.974,1.98646,1.98681,1.00,1.00
2015.10.05 10:08:00.316,1.98646,1.98684,1.00,1.50
2015.10.05 10:08:00.631,1.98646,1.98682,1.00,1.00
2015.10.05 10:08:00.934,1.98646,1.98675,1.00,1.00
2015.10.05 10:08:01.449,1.98646,1.9867,1.00,1.00
2015.10.05 10:08:01.840,1.98627,1.98665,1.00,1.00
2015.10.05 10:08:01.891,1.98618,1.98659,1.50,1.00
2015.10.05 10:08:03.271,1.98625,1.98652,1.00,1.00
2015.10.05 10:08:03.372,1.98613,1.98652,1.00,1.00
2015.10.05 10:08:03.473,1.98613,1.98649,1.00,1.00
2015.10.05 10:08:03.523,1.98607,1.98648,1.00,1.00
2015.10.05 10:08:04.027,1.98607,1.98647,1.00,1.00
2015.10.05 10:08:04.778,1.98604,1.98645,1.50,1.00
2015.10.05 10:08:04.829,1.98606,1.98645,1.00,1.00
2015.10.05 10:08:05.032,1.98604,1.98645,2.25,1.00
2015.10.05 10:08:05.083,1.98608,1.98645,1.00,1.00
2015.10.05 10:08:05.413,1.98604,1.98645,1.00,1.00
2015.10.05 10:08:06.295,1.98603,1.98645,1.50,1.00
2015.10.05 10:08:08.250,1.98609,1.98645,1.00,1.00
2015.10.05 10:08:08.352,1.98605,1.98645,1.00,1.00
2015.10.05 10:08:08.403,1.98603,1.98645,2.25,1.00
2015.10.05 10:08:08.504,1.98605,1.98645,1.00,1.00
2015.10.05 10:08:08.807,1.98603,1.9864,1.00,1.00
2015.10.05 10:08:09.141,1.986,1.9864,1.00,1.00
2015.10.05 10:08:09.669,1.98599,1.9864,1.00,1.00
2015.10.05 10:08:10.123,1.98603,1.9864,1.00,1.00
2015.10.05 10:08:10.174,1.98605,1.98644,1.00,1.00
2015.10.05 10:08:10.376,1.98603,1.98644,1.00,1.00
2015.10.05 10:08:11.098,1.9861,1.98647,1.00,1.00
2015.10.05 10:08:11.300,1.98618,1.98657,1.00,1.00
2015.10.05 10:08:11.401,1.98616,1.98657,1.00,1.00
2015.10.05 10:08:11.502,1.98619,1.98657,1.00,1.00
2015.10.05 10:08:12.315,1.98618,1.98656,1.00,1.00
2015.10.05 10:08:12.368,1.98609,1.98651,1.00,1.00
2015.10.05 10:08:13.232,1.98614,1.98651,1.00,1.00
2015.10.05 10:08:13.771,1.98618,1.98651,1.00,1.00
2015.10.05 10:08:13.923,1.9861,1.98651,1.00,1.00
2015.10.05 10:08:14.024,1.98609,1.98649,1.00,1.00
2015.10.05 10:08:14.125,1.98609,1.98651,1.00,1.00
2015.10.05 10:08:14.327,1.98616,1.98655,1.00,1.00
2015.10.05 10:08:14.823,1.98607,1.98654,1.00,1.00
2015.10.05 10:08:15.369,1.98606,1.98651,1.00,1.00
2015.10.05 10:08:15.420,1.98602,1.9865,1.00,1.00
2015.10.05 10:08:15.471,1.98604,1.9865,1.00,1.00
2015.10.05 10:08:15.773,1.98596,1.98642,1.50,1.50
2015.10.05 10:08:16.075,1.98599,1.98645,1.00,1.00
2015.10.05 10:08:16.985,1.986,1.98645,1.00,1.00
2015.10.05 10:08:17.036,1.98601,1.98649,1.00,1.00
2015.10.05 10:08:17.087,1.98609,1.98649,1.00,1.00
2015.10.05 10:08:17.137,1.98609,1.98653,1.00,1.00
2015.10.05 10:08:17.188,1.98609,1.98656,1.50,2.25
2015.10.05 10:08:17.452,1.98611,1.98656,1.00,1.00
2015.10.05 10:08:17.622,1.98611,1.9866,1.50,2.25
2015.10.05 10:08:19.395,1.98611,1.98644,1.00,1.00
2015.10.05 10:08:19.647,1.98611,1.98646,1.00,1.00
2015.10.05 10:08:19.748,1.98611,1.98651,1.00,1.50
2015.10.05 10:08:20.785,1.98603,1.98647,1.00,1.50
2015.10.05 10:08:21.089,1.98599,1.98647,1.50,1.50
2015.10.05 10:08:21.190,1.98599,1.98644,1.50,1.00
2015.10.05 10:08:21.494,1.98598,1.98641,1.00,1.00
2015.10.05 10:08:21.595,1.98598,1.98646,1.00,1.00
2015.10.05 10:08:22.062,1.98593,1.98642,1.50,1.50
2015.10.05 10:08:22.658,1.98593,1.98636,1.00,1.00
2015.10.05 10:08:22.908,1.98593,1.98642,1.50,1.50
2015.10.05 10:08:23.626,1.98595,1.98644,1.00,1.00
2015.10.05 10:08:23.950,1.98596,1.98642,1.00,1.00
2015.10.05 10:08:24.264,1.98604,1.98646,1.00,1.00
2015.10.05 10:08:24.930,1.98588,1.98632,1.00,1.50
2015.10.05 10:08:24.981,1.98584,1.98632,1.00,1.50
2015.10.05 10:08:25.132,1.98583,1.9863,1.00,1.00
2015.10.05 10:08:25.233,1.98583,1.98632,1.50,1.00
2015.10.05 10:08:25.627,1.98588,1.98634,1.00,2.25
2015.10.05 10:08:26.337,1.98583,1.98631,1.00,1.00
2015.10.05 10:08:26.693,1.98584,1.98629,1.00,1.00
2015.10.05 10:08:27.100,1.98584,1.98632,1.00,1.00
2015.10.05 10:08:27.384,1.98582,1.98632,1.00,1.50
2015.10.05 10:08:28.145,1.98582,1.98631,1.00,1.00
2015.10.05 10:08:28.495,1.98582,1.98629,1.00,1.00
2015.10.05 10:08:28.797,1.98578,1.98621,1.00,1.00
2015.10.05 10:08:28.847,1.98575,1.98621,1.00,1.00
2015.10.05 10:08:29.871,1.98579,1.98624,1.00,1.00
2015.10.05 10:08:30.174,1.98589,1.98632,1.00,1.50
2015.10.05 10:08:30.627,1.98591,1.98632,1.00,1.00
2015.10.05 10:08:30.678,1.98591,1.98634,1.00,1.00
2015.10.05 10:08:31.209,1.98595,1.98641,1.00,1.00
2015.10.05 10:08:31.313,1.98595,1.98643,1.00,1.00
2015.10.05 10:08:31.364,1.98598,1.98644,1.00,1.00
2015.10.05 10:08:31.681,1.98603,1.98647,1.00,1.00
2015.10.05 10:08:31.732,1.98603,1.9865,1.00,1.50
2015.10.05 10:08:33.379,1.98604,1.9865,1.00,1.00
2015.10.05 10:08:33.547,1.98604,1.98647,1.00,1.00
2015.10.05 10:08:34.300,1.98603,1.98647,1.00,1.00
2015.10.05 10:08:34.351,1.98603,1.9865,1.00,1.00
2015.10.05 10:08:34.971,1.98605,1.9865,1.00,1.00
2015.10.05 10:08:35.613,1.98604,1.9865,1.00,1.00
2015.10.05 10:08:35.953,1.98599,1.98646,1.50,1.00
2015.10.05 10:08:36.664,1.98599,1.98641,1.00,1.00
2015.10.05 10:08:36.866,1.98599,1.98646,1.50,2.25
2015.10.05 10:08:37.270,1.98603,1.98646,1.00,1.00
2015.10.05 10:08:38.316,1.986,1.98646,1.00,1.00
2015.10.05 10:08:39.236,1.98602,1.98646,1.00,1.00
2015.10.05 10:08:39.888,1.98604,1.98646,1.00,1.00
2015.10.05 10:08:40.431,1.98604,1.98647,1.00,1.00
2015.10.05 10:08:41.646,1.98603,1.98647,1.00,1.00
2015.10.05 10:08:41.953,1.98605,1.98647,1.00,1.00
2015.10.05 10:08:42.405,1.98603,1.98647,1.00,1.00
2015.10.05 10:08:43.268,1.98615,1.9865,1.00,1.00
2015.10.05 10:08:43.327,1.98616,1.9866,1.00,1.00
2015.10.05 10:08:43.377,1.98616,1.98657,1.00,1.00
2015.10.05 10:08:43.924,1.98615,1.98662,1.00,1.00
2015.10.05 10:08:43.975,1.98619,1.98662,1.00,1.00
2015.10.05 10:08:44.358,1.98619,1.98656,1.00,1.00
2015.10.05 10:08:45.430,1.98618,1.98662,1.00,1.00
2015.10.05 10:08:46.130,1.98618,1.98665,1.00,1.50
2015.10.05 10:08:48.489,1.98618,1.98667,1.00,1.50
2015.10.05 10:08:49.581,1.98618,1.98663,1.00,1.00
2015.10.05 10:08:49.884,1.98614,1.98657,1.00,1.50
2015.10.05 10:08:50.767,1.98613,1.98658,1.00,1.00
2015.10.05 10:08:50.872,1.98611,1.98658,1.50,1.00
2015.10.05 10:08:50.923,1.98611,1.98656,1.00,1.00
2015.10.05 10:08:51.392,1.98609,1.98652,1.00,1.00
2015.10.05 10:08:51.700,1.98609,1.98648,1.00,1.00
2015.10.05 10:08:51.802,1.98605,1.98648,1.00,1.00
2015.10.05 10:08:51.853,1.98605,1.98646,1.00,1.00
2015.10.05 10:08:52.448,1.98608,1.98646,1.00,1.00
2015.10.05 10:08:52.592,1.98608,1.98649,1.00,1.00
2015.10.05 10:08:52.894,1.98608,1.98652,1.00,1.50
2015.10.05 10:08:52.995,1.98612,1.98652,1.00,1.50
2015.10.05 10:08:53.902,1.98621,1.98661,1.00,1.00
2015.10.05 10:08:54.418,1.98621,1.98662,1.00,1.00
2015.10.05 10:08:54.947,1.98618,1.98662,1.00,1.00
2015.10.05 10:08:55.491,1.98616,1.98662,1.50,1.00
2015.10.05 10:08:55.543,1.98616,1.98652,1.50,1.00
2015.10.05 10:08:55.648,1.98614,1.98652,1.00,1.00
2015.10.05 10:08:55.749,1.98609,1.98652,1.00,1.00
2015.10.05 10:08:55.900,1.98609,1.98647,1.00,1.00
2015.10.05 10:08:56.354,1.98608,1.98652,1.00,1.00
2015.10.05 10:08:57.647,1.98608,1.98654,1.00,1.50
2015.10.05 10:08:57.936,1.98605,1.98649,1.00,1.00
2015.10.05 10:08:58.797,1.98608,1.98649,1.00,1.00
2015.10.05 10:08:59.314,1.98608,1.98653,1.00,1.00
2015.10.05 10:09:00.036,1.98609,1.98653,1.00,1.00
2015.10.05 10:09:00.705,1.98609,1.98656,1.50,1.00
2015.10.05 10:09:00.756,1.98609,1.98653,1.00,1.00
2015.10.05 10:09:00.807,1.98606,1.98653,1.50,1.00
2015.10.05 10:09:01.109,1.98606,1.9865,1.00,1.00
2015.10.05 10:09:01.417,1.98602,1.98646,1.00,1.00
2015.10.05 10:09:04.297,1.98602,1.98644,1.00,1.00
2015.10.05 10:09:04.599,1.98596,1.98637,1.00,1.00
2015.10.05 10:09:04.650,1.98591,1.98637,1.00,1.00
2015.10.05 10:09:04.751,1.98589,1.98635,1.00,1.00
2015.10.05 10:09:04.852,1.98584,1.98631,1.00,1.00
2015.10.05 10:09:05.153,1.98584,1.98627,1.00,1.00
2015.10.05 10:09:05.697,1.98585,1.98627,1.00,1.00
2015.10.05 10:09:05.753,1.98583,1.98627,1.00,1.00
2015.10.05 10:09:06.206,1.98586,1.98631,1.00,1.00
2015.10.05 10:09:06.307,1.98588,1.98631,1.00,1.00
2015.10.05 10:09:06.811,1.98588,1.98632,1.00,1.00
2015.10.05 10:09:07.348,1.98587,1.98631,1.00,1.00
2015.10.05 10:09:09.568,1.98587,1.98632,1.00,1.50
2015.10.05 10:09:10.019,1.98584,1.98631,1.00,1.00
2015.10.05 10:09:11.189,1.98584,1.98632,1.00,1.50
2015.10.05 10:09:11.754,1.98587,1.98628,1.00,1.00
2015.10.05 10:09:13.153,1.98587,1.98621,1.00,1.00
2015.10.05 10:09:13.254,1.98584,1.98622,1.00,1.00
2015.10.05 10:09:13.704,1.98584,1.98625,1.00,1.00
2015.10.05 10:09:13.755,1.98587,1.98625,1.00,1.00
2015.10.05 10:09:14.317,1.9859,1.98626,1.50,1.00
2015.10.05 10:09:14.368,1.98593,1.98632,1.00,1.00
2015.10.05 10:09:14.572,1.98593,1.98634,1.00,1.00
2015.10.05 10:09:14.622,1.98596,1.98637,1.00,1.50
2015.10.05 10:09:14.956,1.98593,1.98634,1.00,1.00
2015.10.05 10:09:15.465,1.98596,1.98637,1.00,1.00
2015.10.05 10:09:16.300,1.98595,1.98634,1.00,1.00
2015.10.05 10:09:16.401,1.98593,1.98634,1.00,1.00
2015.10.05 10:09:16.452,1.98593,1.98632,1.00,1.00
2015.10.05 10:09:16.780,1.98591,1.9863,1.00,1.00
2015.10.05 10:09:17.133,1.98588,1.98628,1.00,1.00
2015.10.05 10:09:18.392,1.98591,1.98628,1.00,1.00
2015.10.05 10:09:19.089,1.98591,1.98632,1.00,1.50
2015.10.05 10:09:19.190,1.98595,1.98632,1.00,1.50
2015.10.05 10:09:19.782,1.98599,1.98635,1.00,1.00
2015.10.05 10:09:21.088,1.98599,1.98632,1.00,1.00
2015.10.05 10:09:22.060,1.98599,1.98635,1.00,1.00
2015.10.05 10:09:22.703,1.98598,1.98635,1.00,1.00
2015.10.05 10:09:22.822,1.98598,1.98632,1.00,1.00
2015.10.05 10:09:24.361,1.98598,1.98635,1.00,1.00
2015.10.05 10:09:24.462,1.986,1.98638,1.00,1.00
2015.10.05 10:09:24.902,1.98606,1.98641,1.00,1.00
2015.10.05 10:09:25.388,1.98604,1.98641,1.00,1.00
2015.10.05 10:09:25.902,1.98605,1.98641,1.00,1.00
2015.10.05 10:09:26.006,1.98603,1.98641,1.00,1.00
2015.10.05 10:09:27.173,1.98604,1.98641,1.00,1.00
2015.10.05 10:09:27.325,1.98607,1.98641,1.00,1.00
2015.10.05 10:09:27.577,1.98609,1.98646,1.00,1.00
2015.10.05 10:09:28.097,1.9861,1.98646,1.00,1.00
2015.10.05 10:09:28.859,1.98613,1.98652,1.00,1.00
2015.10.05 10:09:29.011,1.98614,1.98656,1.00,1.00
2015.10.05 10:09:29.062,1.98616,1.98656,1.00,1.00
2015.10.05 10:09:29.396,1.98623,1.98659,1.00,1.00
2015.10.05 10:09:29.648,1.98626,1.98666,1.00,1.00
2015.10.05 10:09:31.227,1.98622,1.98662,1.00,1.00
2015.10.05 10:09:31.865,1.98623,1.98662,1.00,1.00
2015.10.05 10:09:32.391,1.98628,1.98666,1.00,1.00
2015.10.05 10:09:32.592,1.98628,1.98669,1.50,1.00
2015.10.05 10:09:32.693,1.9863,1.98669,1.00,1.00
2015.10.05 10:09:33.005,1.98632,1.98672,1.50,1.50
2015.10.05 10:09:33.961,1.98633,1.98672,1.00,1.00
2015.10.05 10:09:34.474,1.98632,1.98672,1.50,1.00
2015.10.05 10:09:34.776,1.98635,1.98672,1.00,1.00
2015.10.05 10:09:34.827,1.98635,1.98676,1.50,1.00
2015.10.05 10:09:35.881,1.98635,1.98672,1.00,1.00
2015.10.05 10:09:36.261,1.98635,1.98675,1.00,1.00
2015.10.05 10:09:36.362,1.98631,1.98673,1.50,1.00
2015.10.05 10:09:38.202,1.98632,1.98673,1.00,1.00
2015.10.05 10:09:38.252,1.98635,1.98675,1.00,1.00
2015.10.05 10:09:38.884,1.98638,1.9868,1.00,1.00
2015.10.05 10:09:41.112,1.98641,1.98682,1.00,1.50
2015.10.05 10:09:41.641,1.98641,1.9868,1.00,1.00
2015.10.05 10:09:41.814,1.98641,1.98682,1.00,1.50
2015.10.05 10:09:43.380,1.98644,1.98681,1.00,1.00
2015.10.05 10:09:43.635,1.98644,1.98683,1.00,1.00
2015.10.05 10:09:44.515,1.98648,1.98683,1.00,1.00
2015.10.05 10:09:44.934,1.98648,1.98687,1.00,1.50
2015.10.05 10:09:46.885,1.98665,1.98696,1.00,1.00
2015.10.05 10:09:47.137,1.98667,1.98701,1.00,1.00
2015.10.05 10:09:47.339,1.98666,1.98697,1.00,1.00
2015.10.05 10:09:47.652,1.98666,1.98702,1.00,1.50
2015.10.05 10:09:48.337,1.9866,1.98699,1.00,1.00
2015.10.05 10:09:48.858,1.98659,1.98699,1.50,1.00
2015.10.05 10:09:49.210,1.98663,1.98699,1.00,1.00
2015.10.05 10:09:50.248,1.98663,1.98702,1.50,1.00
2015.10.05 10:09:50.299,1.98674,1.98707,1.00,1.00
2015.10.05 10:09:50.400,1.98678,1.98713,1.00,1.00
2015.10.05 10:09:50.501,1.98686,1.98717,1.00,1.00
2015.10.05 10:09:50.551,1.98686,1.98721,1.00,1.50
2015.10.05 10:09:50.602,1.98676,1.98718,1.00,1.00
2015.10.05 10:09:50.653,1.98676,1.98712,1.00,1.00
2015.10.05 10:09:50.703,1.98673,1.98712,2.25,1.00
2015.10.05 10:09:50.804,1.98672,1.9871,1.00,1.00
2015.10.05 10:09:51.312,1.98686,1.98716,1.00,1.00
2015.10.05 10:09:51.413,1.9869,1.98721,1.00,1.00
2015.10.05 10:09:51.617,1.98691,1.98726,1.00,1.00
2015.10.05 10:09:51.831,1.98691,1.98722,1.00,1.00
2015.10.05 10:09:52.762,1.98692,1.98722,1.00,1.00
2015.10.05 10:09:52.864,1.98692,1.98724,1.00,1.00
2015.10.05 10:09:53.421,1.9869,1.98727,1.00,1.00
2015.10.05 10:09:53.578,1.98688,1.98727,1.50,1.00
2015.10.05 10:09:53.781,1.98686,1.98727,1.00,1.00
2015.10.05 10:09:53.831,1.98687,1.98717,1.00,1.00
2015.10.05 10:09:53.932,1.98682,1.98717,1.00,1.00
2015.10.05 10:09:54.424,1.98682,1.98721,1.00,1.00
2015.10.05 10:09:54.475,1.98682,1.98717,1.00,1.00
2015.10.05 10:09:54.778,1.98689,1.98722,1.00,1.00
2015.10.05 10:09:55.080,1.98691,1.98721,1.00,1.00
2015.10.05 10:09:55.181,1.98691,1.98726,1.00,1.00
2015.10.05 10:09:55.933,1.98688,1.98722,1.00,1.00
2015.10.05 10:09:56.469,1.98689,1.98722,1.00,1.00
2015.10.05 10:09:56.998,1.98688,1.98722,1.00,1.00
2015.10.05 10:09:58.103,1.98686,1.98722,1.00,1.00
2015.10.05 10:09:58.805,1.98687,1.98722,1.00,1.00
2015.10.05 10:09:59.874,1.98687,1.98724,1.00,1.00
2015.10.05 10:09:59.925,1.98687,1.98726,1.00,1.50
2015.10.05 10:10:00.613,1.98687,1.9873,1.00,1.50
2015.10.05 10:10:01.373,1.98687,1.98726,1.00,1.00
2015.10.05 10:10:01.688,1.98689,1.98727,1.00,1.00
2015.10.05 10:10:02.123,1.9869,1.98725,1.00,1.00
2015.10.05 10:10:03.482,1.9869,1.98726,1.00,1.00
2015.10.05 10:10:03.633,1.9869,1.98728,1.00,1.00
2015.10.05 10:10:04.257,1.98691,1.98728,1.00,1.00
2015.10.05 10:10:04.837,1.98689,1.98728,1.00,1.00
2015.10.05 10:10:06.002,1.98688,1.98728,1.00,1.00
2015.10.05 10:10:08.370,1.98689,1.98727,1.00,1.00
2015.10.05 10:10:08.581,1.98691,1.98728,1.00,1.00
2015.10.05 10:10:09.002,1.9869,1.9873,1.00,1.00
2015.10.05 10:10:09.553,1.9869,1.98731,1.00,1.00
2015.10.05 10:10:10.414,1.9869,1.9873,1.00,1.00
2015.10.05 10:10:10.465,1.98688,1.9873,1.00,1.00
2015.10.05 10:10:12.404,1.98688,1.98727,1.00,1.00
2015.10.05 10:10:12.713,1.98691,1.98727,1.00,1.00
2015.10.05 10:10:12.865,1.98692,1.98731,1.00,1.00
2015.10.05 10:10:13.366,1.98691,1.98732,1.00,1.00
2015.10.05 10:10:14.392,1.9869,1.98732,1.00,1.00
2015.10.05 10:10:15.421,1.98686,1.98731,1.00,1.00
2015.10.05 10:10:15.928,1.98685,1.98731,1.00,1.50
2015.10.05 10:10:15.979,1.98683,1.98731,1.00,1.50
2015.10.05 10:10:16.281,1.98685,1.98731,1.00,1.50
2015.10.05 10:10:17.164,1.98684,1.98731,1.00,1.50
2015.10.05 10:10:17.582,1.98684,1.98721,1.00,1.00
2015.10.05 10:10:17.632,1.98682,1.98721,1.00,1.00
2015.10.05 10:10:17.834,1.98685,1.98721,1.00,1.00
2015.10.05 10:10:17.935,1.98686,1.98726,1.00,1.00
2015.10.05 10:10:18.486,1.98685,1.98726,1.00,1.00
2015.10.05 10:10:19.103,1.98686,1.98726,1.00,1.00
2015.10.05 10:10:19.639,1.98685,1.98726,1.00,1.00
2015.10.05 10:10:23.252,1.98683,1.98726,1.00,1.00
2015.10.05 10:10:23.765,1.98681,1.98726,1.00,1.00
2015.10.05 10:10:23.866,1.98681,1.98722,1.00,1.00
2015.10.05 10:10:25.324,1.98684,1.98727,1.00,1.00
2015.10.05 10:10:27.101,1.98684,1.98721,1.00,1.00
2015.10.05 10:10:28.178,1.98682,1.98721,1.00,1.00
2015.10.05 10:10:28.663,1.98683,1.98727,1.00,1.00
2015.10.05 10:10:28.917,1.98684,1.98722,1.00,1.00
2015.10.05 10:10:29.341,1.98684,1.98727,1.00,1.00
2015.10.05 10:10:29.595,1.98684,1.98722,1.00,1.00
2015.10.05 10:10:30.357,1.98681,1.98722,1.00,1.00
2015.10.05 10:10:30.458,1.98684,1.98722,1.00,1.00
2015.10.05 10:10:30.610,1.98681,1.98722,1.00,1.00
2015.10.05 10:10:30.711,1.98684,1.98722,1.00,1.00
2015.10.05 10:10:31.198,1.98682,1.98722,1.00,1.00
2015.10.05 10:10:31.709,1.98684,1.98722,1.00,1.00
2015.10.05 10:10:31.810,1.98681,1.98722,1.00,1.00
2015.10.05 10:10:32.003,1.98684,1.98722,1.00,1.00
2015.10.05 10:10:32.458,1.98681,1.98722,1.00,1.00
2015.10.05 10:10:33.212,1.98682,1.98727,1.00,1.50
2015.10.05 10:10:34.132,1.98682,1.98726,1.00,1.00
2015.10.05 10:10:34.334,1.98685,1.98726,1.00,1.00
2015.10.05 10:10:34.866,1.98687,1.98726,1.00,1.00
2015.10.05 10:10:35.168,1.98689,1.98726,1.00,1.00
2015.10.05 10:10:35.840,1.98688,1.98726,1.00,1.00
2015.10.05 10:10:36.179,1.98687,1.98722,1.00,1.00
2015.10.05 10:10:38.141,1.98685,1.98722,1.00,1.00
2015.10.05 10:10:38.293,1.98687,1.98722,1.00,1.00
2015.10.05 10:10:38.394,1.98688,1.98727,1.00,1.00
2015.10.05 10:10:38.728,1.9869,1.98727,1.00,1.00
2015.10.05 10:10:39.039,1.98692,1.98727,1.00,1.00
2015.10.05 10:10:39.140,1.9869,1.98727,1.00,1.00
2015.10.05 10:10:39.942,1.98688,1.98727,1.00,1.00
2015.10.05 10:10:40.246,1.98686,1.98727,1.00,1.00
2015.10.05 10:10:41.700,1.98685,1.98722,1.00,1.00
2015.10.05 10:10:41.755,1.98679,1.98722,1.00,1.00
2015.10.05 10:10:42.455,1.98683,1.98722,1.00,1.00
2015.10.05 10:10:42.809,1.9868,1.98722,1.00,1.00
2015.10.05 10:10:42.910,1.98683,1.98722,1.00,1.00
2015.10.05 10:10:43.462,1.98678,1.98722,1.00,1.00
2015.10.05 10:10:44.114,1.98678,1.98717,1.00,1.00
2015.10.05 10:10:44.433,1.98674,1.98711,1.00,1.00
2015.10.05 10:10:44.877,1.98667,1.98711,1.00,1.00
2015.10.05 10:10:46.097,1.98666,1.98712,1.00,1.00
2015.10.05 10:10:46.198,1.98664,1.98712,1.50,1.00
2015.10.05 10:10:46.400,1.98664,1.98707,1.00,1.00
2015.10.05 10:10:47.161,1.98664,1.98711,1.00,1.00
2015.10.05 10:10:47.212,1.98666,1.98711,1.00,1.00
2015.10.05 10:10:47.543,1.98666,1.98707,1.00,1.00
2015.10.05 10:10:47.965,1.98669,1.98707,1.00,1.00
2015.10.05 10:10:48.167,1.98672,1.98712,1.00,1.00
2015.10.05 10:10:48.744,1.9868,1.9872,1.00,1.00
2015.10.05 10:10:48.801,1.9868,1.98722,1.00,1.00
2015.10.05 10:10:48.968,1.98682,1.98722,1.00,1.00
2015.10.05 10:10:49.270,1.98684,1.98722,1.00,1.00
2015.10.05 10:10:49.522,1.98682,1.98722,1.00,1.00
2015.10.05 10:10:49.724,1.9868,1.98721,1.00,1.00
2015.10.05 10:10:49.925,1.98677,1.98721,1.00,1.00
2015.10.05 10:10:50.999,1.9869,1.98727,1.00,1.00
2015.10.05 10:10:51.050,1.9869,1.98732,1.00,1.00
2015.10.05 10:10:51.170,1.98688,1.98732,1.00,1.00
2015.10.05 10:10:51.278,1.98688,1.98734,1.00,1.00
2015.10.05 10:10:51.502,1.98687,1.98732,1.00,1.00
2015.10.05 10:10:51.804,1.98684,1.98732,1.00,1.50
2015.10.05 10:10:52.402,1.98683,1.98727,1.00,1.00
2015.10.05 10:10:53.343,1.98685,1.9873,1.00,1.00
2015.10.05 10:10:53.444,1.98685,1.98732,1.00,1.00
2015.10.05 10:10:54.004,1.98685,1.98731,1.00,1.00
2015.10.05 10:10:54.106,1.98684,1.98733,1.00,1.00
2015.10.05 10:10:54.358,1.98686,1.98734,1.00,1.50
2015.10.05 10:10:54.773,1.98685,1.98732,1.00,1.00
2015.10.05 10:10:54.996,1.98685,1.98734,1.00,1.00
2015.10.05 10:10:55.883,1.98684,1.98732,1.00,1.50
2015.10.05 10:10:56.920,1.9869,1.98737,1.00,1.50
2015.10.05 10:10:58.861,1.9869,1.98735,1.00,1.00
2015.10.05 10:10:59.163,1.98693,1.98738,1.00,1.00
2015.10.05 10:10:59.862,1.98686,1.98734,1.50,1.00
2015.10.05 10:11:00.402,1.98686,1.98731,1.00,1.00
2015.10.05 10:11:00.503,1.9868,1.98726,1.00,1.00
2015.10.05 10:11:01.410,1.98679,1.98726,1.00,1.50
2015.10.05 10:11:01.933,1.9868,1.98726,1.00,1.00
2015.10.05 10:11:02.435,1.98679,1.98726,1.00,1.00
2015.10.05 10:11:03.720,1.98681,1.98726,1.00,1.00
2015.10.05 10:11:05.602,1.98681,1.98729,1.50,1.00
2015.10.05 10:11:05.653,1.98683,1.98729,1.00,1.00
2015.10.05 10:11:06.090,1.98688,1.98729,1.00,1.00
2015.10.05 10:11:08.269,1.98688,1.98733,1.50,1.00
2015.10.05 10:11:08.421,1.9869,1.98736,1.00,1.00
2015.10.05 10:11:08.723,1.98692,1.98737,1.00,1.00
2015.10.05 10:11:09.242,1.98693,1.98738,1.50,1.00
2015.10.05 10:11:10.083,1.98694,1.98738,1.00,1.00
2015.10.05 10:11:13.442,1.98693,1.98738,1.50,1.00
2015.10.05 10:11:13.798,1.98695,1.98738,1.00,1.00
2015.10.05 10:11:13.849,1.98695,1.98742,1.00,1.00
2015.10.05 10:11:14.121,1.98699,1.98742,1.00,1.00
2015.10.05 10:11:14.273,1.98699,1.98746,1.00,1.00
2015.10.05 10:11:14.374,1.98704,1.98749,1.00,1.00
2015.10.05 10:11:15.444,1.98705,1.98746,1.00,1.00
2015.10.05 10:11:15.704,1.98703,1.98746,1.50,1.00
2015.10.05 10:11:16.478,1.98705,1.98746,1.00,1.00
2015.10.05 10:11:17.113,1.98705,1.9875,1.00,1.00
2015.10.05 10:11:17.589,1.98705,1.98746,1.00,1.00
2015.10.05 10:11:19.311,1.98707,1.9875,1.00,1.00
2015.10.05 10:11:19.462,1.98707,1.98752,1.00,1.50
2015.10.05 10:11:19.993,1.98714,1.98752,1.00,1.00
2015.10.05 10:11:20.621,1.98728,1.98752,1.00,1.00
2015.10.05 10:11:20.774,1.98728,1.98758,1.50,1.00
2015.10.05 10:11:20.875,1.98728,1.98774,1.50,1.00
2015.10.05 10:11:20.976,1.98729,1.98777,1.00,1.00
2015.10.05 10:11:23.170,1.98729,1.98776,1.00,1.00
2015.10.05 10:11:23.271,1.98729,1.98774,1.00,1.00
2015.10.05 10:11:23.372,1.98724,1.9877,1.00,1.00
2015.10.05 10:11:23.473,1.98726,1.98773,1.00,1.00
2015.10.05 10:11:23.524,1.98724,1.98771,1.00,1.00
2015.10.05 10:11:24.172,1.98729,1.98773,1.00,1.00
2015.10.05 10:11:24.223,1.98726,1.98772,1.00,1.50
2015.10.05 10:11:24.838,1.98726,1.98771,1.00,1.00
2015.10.05 10:11:24.989,1.98723,1.98769,1.50,1.00
2015.10.05 10:11:29.744,1.98725,1.98769,1.00,1.00
2015.10.05 10:11:30.559,1.98723,1.98769,1.50,1.00
2015.10.05 10:11:33.716,1.98725,1.98771,1.00,1.00
2015.10.05 10:11:34.156,1.98729,1.98767,1.00,1.00
2015.10.05 10:11:34.307,1.98729,1.98769,1.00,1.00
2015.10.05 10:11:34.358,1.98725,1.98766,1.00,1.00
2015.10.05 10:11:34.409,1.98722,1.98762,1.00,1.00
2015.10.05 10:11:34.510,1.98715,1.98756,1.00,1.00
2015.10.05 10:11:34.560,1.98713,1.98753,1.50,1.00
2015.10.05 10:11:35.022,1.98713,1.9875,1.50,1.00
2015.10.05 10:11:35.073,1.98709,1.9875,1.00,1.00
2015.10.05 10:11:35.493,1.98715,1.98754,1.00,1.00
2015.10.05 10:11:35.544,1.98717,1.98758,1.00,1.00
2015.10.05 10:11:35.595,1.98733,1.98764,1.00,1.00
2015.10.05 10:11:35.697,1.98735,1.98771,1.00,1.00
2015.10.05 10:11:35.798,1.98735,1.98775,1.00,1.00
2015.10.05 10:11:38.404,1.98734,1.98776,1.00,1.50
2015.10.05 10:11:40.725,1.98734,1.98772,1.00,1.00
2015.10.05 10:11:41.344,1.98734,1.98767,1.00,1.00
2015.10.05 10:11:41.645,1.98734,1.98772,1.00,1.00
2015.10.05 10:11:41.796,1.98732,1.98772,1.50,1.50
2015.10.05 10:11:42.887,1.98732,1.98771,1.00,1.00
2015.10.05 10:11:43.358,1.98734,1.98771,1.00,1.00
2015.10.05 10:11:43.910,1.98734,1.98766,1.00,1.00
2015.10.05 10:11:43.967,1.98734,1.98772,1.00,1.00
2015.10.05 10:11:44.614,1.98734,1.98771,1.00,1.00
2015.10.05 10:11:46.261,1.98735,1.98776,1.00,1.00
2015.10.05 10:11:46.567,1.98738,1.98776,1.00,1.00
2015.10.05 10:11:47.173,1.98739,1.98776,1.00,1.00
2015.10.05 10:11:47.224,1.98742,1.98781,1.00,1.00
2015.10.05 10:11:52.523,1.98742,1.9878,1.00,1.00
2015.10.05 10:11:53.371,1.98742,1.98781,1.00,1.00
2015.10.05 10:12:00.028,1.98744,1.98781,1.00,1.00
2015.10.05 10:12:00.129,1.98745,1.98785,1.00,1.00
2015.10.05 10:12:00.180,1.98747,1.98787,1.00,1.00
2015.10.05 10:12:00.583,1.9875,1.98791,1.00,1.50
2015.10.05 10:12:00.684,1.98753,1.98791,1.00,1.00
2015.10.05 10:12:01.509,1.98753,1.98787,1.00,1.00
2015.10.05 10:12:02.012,1.98753,1.98786,1.00,1.00
2015.10.05 10:12:05.876,1.98753,1.98792,1.00,1.00
2015.10.05 10:12:05.977,1.98751,1.98791,1.00,1.00
2015.10.05 10:12:15.269,1.98754,1.98792,1.00,1.00
2015.10.05 10:12:15.375,1.98751,1.98792,1.00,1.50
2015.10.05 10:12:17.113,1.98751,1.98791,1.00,1.00
2015.10.05 10:12:17.214,1.98748,1.98792,1.00,1.00
2015.10.05 10:12:19.146,1.98748,1.98795,1.00,1.00
2015.10.05 10:12:23.319,1.98748,1.98792,1.50,1.00
2015.10.05 10:12:24.003,1.98748,1.98786,1.50,1.00
2015.10.05 10:12:24.682,1.98748,1.98791,1.00,1.00
2015.10.05 10:12:25.264,1.98752,1.98791,1.00,1.50
2015.10.05 10:12:26.079,1.98752,1.98787,1.00,1.00
2015.10.05 10:12:26.130,1.98747,1.98787,1.00,1.00
2015.10.05 10:12:26.702,1.98747,1.98782,1.00,1.00
2015.10.05 10:12:26.753,1.98744,1.98782,1.00,1.00
2015.10.05 10:12:31.380,1.98741,1.98782,1.00,1.00
2015.10.05 10:12:33.483,1.98747,1.98783,1.00,1.00
2015.10.05 10:12:33.534,1.98747,1.98786,1.00,1.00
2015.10.05 10:12:33.636,1.98753,1.98794,1.00,1.00
2015.10.05 10:12:33.687,1.98756,1.98797,1.00,1.00
2015.10.05 10:12:34.203,1.98756,1.98798,1.00,1.00
2015.10.05 10:12:34.601,1.98759,1.98801,1.00,1.00
2015.10.05 10:12:40.232,1.98762,1.98804,1.00,1.00
2015.10.05 10:12:40.534,1.98766,1.98806,1.00,1.00
2015.10.05 10:12:40.736,1.98769,1.9881,1.00,1.50
2015.10.05 10:12:46.327,1.98769,1.98806,1.00,1.00
2015.10.05 10:12:46.630,1.98769,1.98802,1.00,1.00
2015.10.05 10:12:46.736,1.98766,1.98802,1.00,1.00
2015.10.05 10:12:46.907,1.98763,1.98802,1.00,1.00
2015.10.05 10:12:47.984,1.98763,1.98804,1.00,1.00
2015.10.05 10:12:48.675,1.98766,1.98807,1.00,1.50
2015.10.05 10:12:49.530,1.98766,1.98806,1.00,1.00
2015.10.05 10:12:50.135,1.98766,1.98807,1.00,1.50
2015.10.05 10:12:50.458,1.98766,1.98802,1.00,1.00
2015.10.05 10:12:51.087,1.98766,1.98807,1.00,1.00
2015.10.05 10:12:52.190,1.98769,1.98811,1.00,1.00
2015.10.05 10:12:54.168,1.98769,1.98806,1.00,1.00
2015.10.05 10:12:54.370,1.98769,1.98811,1.00,1.50
2015.10.05 10:12:54.947,1.9877,1.98811,1.00,1.00
2015.10.05 10:12:54.998,1.98773,1.98812,1.00,1.00
2015.10.05 10:12:55.729,1.98773,1.98807,1.00,1.00
2015.10.05 10:12:56.011,1.9877,1.98807,1.00,1.00
2015.10.05 10:12:57.859,1.9877,1.98802,1.00,1.00
2015.10.05 10:12:58.010,1.9877,1.98807,1.00,1.00
2015.10.05 10:12:58.298,1.9877,1.98811,1.00,1.50
2015.10.05 10:12:58.399,1.98773,1.98811,1.00,1.00
2015.10.05 10:12:59.618,1.98778,1.98812,1.00,1.00
2015.10.05 10:12:59.669,1.98778,1.98816,1.00,1.00
2015.10.05 10:13:00.086,1.98778,1.98819,1.00,1.50
2015.10.05 10:13:00.429,1.98781,1.98822,1.50,1.50
2015.10.05 10:13:00.763,1.98785,1.98822,1.00,1.00
2015.10.05 10:13:01.331,1.98784,1.98822,1.00,1.00
2015.10.05 10:13:02.861,1.98784,1.98825,1.50,1.00
2015.10.05 10:13:03.067,1.98784,1.98821,1.50,1.00
2015.10.05 10:13:03.370,1.98784,1.98825,1.50,1.00
2015.10.05 10:13:04.845,1.98784,1.98822,1.50,1.00
2015.10.05 10:13:07.120,1.98784,1.98825,1.00,1.00
2015.10.05 10:13:07.658,1.98785,1.98825,1.00,1.00
2015.10.05 10:13:09.708,1.98784,1.98825,1.00,1.00
2015.10.05 10:13:09.910,1.98787,1.98827,1.00,1.00
2015.10.05 10:13:10.424,1.98785,1.98824,1.00,1.00
2015.10.05 10:13:10.726,1.98798,1.98837,1.00,1.00
2015.10.05 10:13:10.827,1.98801,1.98842,1.00,1.50
2015.10.05 10:13:10.928,1.98801,1.98836,1.00,1.00
2015.10.05 10:13:11.029,1.98797,1.98836,1.00,1.00
2015.10.05 10:13:11.080,1.98792,1.98833,1.00,1.00
2015.10.05 10:13:11.181,1.98791,1.98827,1.00,1.00
2015.10.05 10:13:11.232,1.98785,1.98827,1.50,1.00
2015.10.05 10:13:11.383,1.98784,1.9883,1.00,1.00
2015.10.05 10:13:11.433,1.98784,1.98828,1.00,1.00
2015.10.05 10:13:12.482,1.98789,1.98832,1.00,1.00
2015.10.05 10:13:12.583,1.98789,1.98837,1.00,1.50
2015.10.05 10:13:12.973,1.98789,1.98835,1.00,1.00
2015.10.05 10:13:13.474,1.98789,1.98836,1.00,1.00
2015.10.05 10:13:14.043,1.98789,1.98826,1.50,1.00
2015.10.05 10:13:14.144,1.98789,1.98832,1.00,1.00
2015.10.05 10:13:14.300,1.98791,1.98832,1.00,1.00
2015.10.05 10:13:14.351,1.98791,1.98836,1.00,1.00
2015.10.05 10:13:14.452,1.98791,1.98838,1.00,1.00
2015.10.05 10:13:14.503,1.98796,1.98838,1.00,1.00
2015.10.05 10:13:14.755,1.98797,1.98841,1.00,1.00
2015.10.05 10:13:15.446,1.98795,1.98841,1.50,1.50
2015.10.05 10:13:15.497,1.98798,1.98841,1.00,1.50
2015.10.05 10:13:15.849,1.98801,1.98842,1.00,1.00
2015.10.05 10:13:15.950,1.98798,1.98842,1.00,1.00
2015.10.05 10:13:16.102,1.98799,1.98845,1.00,1.00
2015.10.05 10:13:16.203,1.98797,1.98845,1.50,1.00
2015.10.05 10:13:16.356,1.98797,1.98841,1.50,1.00
2015.10.05 10:13:16.850,1.988,1.98841,1.00,1.00
2015.10.05 10:13:17.178,1.98802,1.98837,1.00,1.00
2015.10.05 10:13:17.294,1.98797,1.98837,1.00,1.00
2015.10.05 10:13:17.716,1.98802,1.98837,1.00,1.00
2015.10.05 10:13:17.817,1.98794,1.98837,1.50,1.00
2015.10.05 10:13:19.602,1.98797,1.98837,1.00,1.00
2015.10.05 10:13:19.953,1.98795,1.98831,1.00,1.00
2015.10.05 10:13:20.477,1.98794,1.98831,1.00,1.00
2015.10.05 10:13:22.428,1.98792,1.98831,1.00,1.00
2015.10.05 10:13:22.967,1.98792,1.98832,1.00,1.00
2015.10.05 10:13:24.647,1.98788,1.98832,1.50,1.00
2015.10.05 10:13:25.627,1.98789,1.98832,1.00,1.00
2015.10.05 10:13:26.047,1.98791,1.98832,1.00,1.00
2015.10.05 10:13:26.585,1.98792,1.98832,1.00,1.00
2015.10.05 10:13:27.183,1.98794,1.98832,1.00,1.00
2015.10.05 10:13:28.591,1.98788,1.98829,1.00,1.00
2015.10.05 10:13:28.642,1.98784,1.98821,1.50,1.00
2015.10.05 10:13:28.693,1.98781,1.98821,1.00,1.00
2015.10.05 10:13:28.744,1.98776,1.98821,1.00,1.00
2015.10.05 10:13:28.962,1.98774,1.98821,2.25,1.50
2015.10.05 10:13:29.668,1.98774,1.98817,1.00,1.00
2015.10.05 10:13:30.147,1.98777,1.98817,1.00,1.00
2015.10.05 10:13:30.642,1.98781,1.98821,1.00,1.00
2015.10.05 10:13:31.096,1.98781,1.98816,1.00,1.00
2015.10.05 10:13:31.877,1.9878,1.98816,1.00,1.00
2015.10.05 10:13:32.605,1.98779,1.98816,1.00,1.00
2015.10.05 10:13:33.754,1.9878,1.98816,1.00,1.00
2015.10.05 10:13:34.028,1.9878,1.98822,1.00,1.00
2015.10.05 10:13:34.959,1.98783,1.98822,1.00,1.00
2015.10.05 10:13:35.160,1.98785,1.98827,1.00,1.50
2015.10.05 10:13:35.211,1.98783,1.98827,1.00,1.50
2015.10.05 10:13:35.761,1.98782,1.98827,1.00,1.00
2015.10.05 10:13:36.995,1.98781,1.98827,1.00,1.00
2015.10.05 10:13:39.317,1.98781,1.98825,1.00,1.00
2015.10.05 10:13:39.719,1.98779,1.98825,1.00,1.00
2015.10.05 10:13:39.770,1.98779,1.98822,1.00,1.00
2015.10.05 10:13:39.923,1.98777,1.98822,1.50,1.00
2015.10.05 10:13:40.167,1.98775,1.98821,1.00,1.00
2015.10.05 10:13:43.762,1.98776,1.98821,1.00,1.00
2015.10.05 10:13:43.817,1.98776,1.98817,1.00,1.00
2015.10.05 10:13:44.335,1.98775,1.98817,1.00,1.00
2015.10.05 10:13:44.385,1.98775,1.98819,1.00,1.00
2015.10.05 10:13:44.917,1.98775,1.98821,1.00,1.50
2015.10.05 10:13:50.187,1.98776,1.98821,1.00,1.00
2015.10.05 10:13:52.145,1.98775,1.98821,1.00,1.00
2015.10.05 10:13:53.155,1.98778,1.98822,1.00,1.00
2015.10.05 10:13:53.485,1.98778,1.98817,1.00,1.00
2015.10.05 10:13:53.829,1.98775,1.98816,1.00,1.00
2015.10.05 10:13:54.081,1.9877,1.98817,1.00,1.00
2015.10.05 10:13:55.060,1.98773,1.98812,1.00,1.00
2015.10.05 10:13:55.111,1.98763,1.98811,1.00,1.50
2015.10.05 10:13:55.262,1.98762,1.98806,1.00,1.00
2015.10.05 10:13:55.363,1.98755,1.98802,1.00,1.00
2015.10.05 10:13:55.414,1.98753,1.98792,1.00,1.00
2015.10.05 10:13:55.514,1.9875,1.98791,1.00,1.00
2015.10.05 10:13:55.666,1.98748,1.98792,1.00,1.00
2015.10.05 10:13:56.181,1.98747,1.98792,1.50,1.50
2015.10.05 10:13:56.908,1.98747,1.98793,1.50,1.00
2015.10.05 10:13:57.436,1.98747,1.98792,1.50,1.00
2015.10.05 10:13:58.632,1.98747,1.98791,1.00,1.00
2015.10.05 10:14:00.720,1.98742,1.9879,1.00,1.00
2015.10.05 10:14:01.100,1.98744,1.98789,1.00,1.00
2015.10.05 10:14:01.252,1.98744,1.98791,1.50,1.00
2015.10.05 10:14:01.804,1.98744,1.98789,1.00,1.00
2015.10.05 10:14:02.351,1.98744,1.9879,1.00,1.00
2015.10.05 10:14:02.896,1.98744,1.98791,1.50,1.50
2015.10.05 10:14:03.213,1.98746,1.98791,1.00,1.00
2015.10.05 10:14:03.857,1.98745,1.98791,1.00,1.00
2015.10.05 10:14:05.020,1.98744,1.98791,1.00,1.00
2015.10.05 10:14:05.651,1.98747,1.98791,1.00,1.00
2015.10.05 10:14:05.803,1.98745,1.98791,1.00,1.00
2015.10.05 10:14:06.890,1.98744,1.98791,1.50,1.50
2015.10.05 10:14:09.938,1.98744,1.98787,1.00,1.00
2015.10.05 10:14:11.193,1.9874,1.98786,1.50,1.00
2015.10.05 10:14:11.694,1.98737,1.9878,1.00,1.50
2015.10.05 10:14:11.745,1.98732,1.98776,1.00,1.00
2015.10.05 10:14:11.898,1.98732,1.98772,1.00,1.00
2015.10.05 10:14:11.999,1.98727,1.98772,1.00,1.50
2015.10.05 10:14:12.548,1.98727,1.98771,1.00,1.00
2015.10.05 10:14:14.146,1.98727,1.98772,1.00,1.50
2015.10.05 10:14:14.652,1.98727,1.98771,1.50,1.00
2015.10.05 10:14:14.703,1.98729,1.98771,1.00,1.00
2015.10.05 10:14:14.905,1.98727,1.98771,1.50,1.00
2015.10.05 10:14:15.709,1.9873,1.98771,1.00,1.00
2015.10.05 10:14:16.050,1.9873,1.98776,1.00,1.00
2015.10.05 10:14:16.268,1.98727,1.98776,1.50,1.00
2015.10.05 10:14:16.319,1.9873,1.98777,1.00,1.00
2015.10.05 10:14:16.621,1.98738,1.98785,1.00,1.00
2015.10.05 10:14:16.672,1.98742,1.98792,1.00,1.00
2015.10.05 10:14:16.773,1.98745,1.98792,1.00,1.00
2015.10.05 10:14:17.284,1.98745,1.98795,1.00,1.00
2015.10.05 10:14:17.335,1.98748,1.98795,1.00,1.00
2015.10.05 10:14:17.637,1.98746,1.98795,1.00,1.00
2015.10.05 10:14:17.789,1.98748,1.98795,1.00,1.00
2015.10.05 10:14:17.990,1.98745,1.98795,1.00,1.00
2015.10.05 10:14:18.192,1.98748,1.98795,1.00,1.00
2015.10.05 10:14:18.545,1.98748,1.98797,1.00,2.25
2015.10.05 10:14:19.106,1.98746,1.98796,1.00,1.00
2015.10.05 10:14:19.208,1.98749,1.98797,1.00,1.00
2015.10.05 10:14:19.511,1.98751,1.98797,1.50,1.00
2015.10.05 10:14:19.996,1.98751,1.98792,1.00,1.00
2015.10.05 10:14:20.150,1.98745,1.98792,1.00,1.50
2015.10.05 10:14:20.207,1.98745,1.9879,1.00,1.00
2015.10.05 10:14:20.711,1.98745,1.98791,1.00,1.00
2015.10.05 10:14:21.034,1.98745,1.98787,1.00,1.00
2015.10.05 10:14:21.135,1.98745,1.98789,1.00,1.00
2015.10.05 10:14:21.336,1.98749,1.98789,1.00,1.00
2015.10.05 10:14:22.143,1.98749,1.9879,1.00,1.00
2015.10.05 10:14:22.201,1.98746,1.9879,1.00,1.00
2015.10.05 10:14:22.747,1.98746,1.98792,1.00,1.50
2015.10.05 10:14:22.896,1.98746,1.98789,1.00,1.00
2015.10.05 10:14:22.998,1.98746,1.98792,1.00,1.00
2015.10.05 10:14:23.658,1.98746,1.98786,1.00,1.00
2015.10.05 10:14:26.514,1.98746,1.98792,1.50,1.00
2015.10.05 10:14:26.816,1.98752,1.98792,1.00,1.00
2015.10.05 10:14:26.918,1.98747,1.98792,1.00,1.00
2015.10.05 10:14:27.076,1.9875,1.98794,1.00,1.00
2015.10.05 10:14:27.556,1.98752,1.98794,1.00,1.00
2015.10.05 10:14:27.610,1.98753,1.98798,1.50,1.00
2015.10.05 10:14:27.919,1.98753,1.988,1.00,1.50
2015.10.05 10:14:29.215,1.98755,1.988,1.00,1.00
2015.10.05 10:14:31.607,1.98755,1.98803,1.00,1.00
2015.10.05 10:14:32.213,1.98755,1.98802,1.00,1.00
2015.10.05 10:14:32.975,1.98755,1.98803,1.50,1.00
2015.10.05 10:14:33.528,1.98755,1.98802,1.50,1.00
2015.10.05 10:14:34.235,1.98756,1.98802,1.00,1.00
2015.10.05 10:14:34.838,1.98755,1.98802,1.00,1.00
2015.10.05 10:14:34.993,1.98762,1.98804,1.00,1.00
2015.10.05 10:14:35.499,1.98761,1.98804,1.00,1.00
2015.10.05 10:14:35.798,1.98762,1.98807,1.00,1.00
2015.10.05 10:14:35.950,1.9876,1.98806,1.00,1.00
2015.10.05 10:14:36.736,1.98757,1.98801,1.00,1.00
2015.10.05 10:14:37.256,1.98757,1.98802,1.00,1.00
2015.10.05 10:14:39.407,1.98757,1.98797,1.00,1.00
2015.10.05 10:14:40.570,1.98757,1.98796,1.00,1.00
2015.10.05 10:14:40.623,1.98752,1.98796,1.00,1.50
2015.10.05 10:14:42.265,1.98752,1.98792,1.00,1.00
2015.10.05 10:14:42.587,1.98752,1.98796,1.00,1.00
2015.10.05 10:14:42.789,1.98752,1.98793,1.00,1.00
2015.10.05 10:14:42.890,1.98749,1.98792,1.50,1.00
2015.10.05 10:14:43.664,1.98748,1.98792,1.00,2.25
2015.10.05 10:14:44.182,1.98749,1.98793,1.00,1.00
2015.10.05 10:14:45.081,1.98749,1.98794,1.00,1.00
2015.10.05 10:14:45.132,1.98749,1.98791,1.00,1.00
2015.10.05 10:14:45.658,1.98752,1.98791,1.00,1.00
2015.10.05 10:14:47.873,1.98755,1.98793,1.00,1.00
2015.10.05 10:14:48.377,1.98755,1.98792,1.00,1.00
2015.10.05 10:14:49.104,1.98755,1.98794,1.00,1.00
2015.10.05 10:14:49.961,1.98758,1.98797,1.00,1.00
2015.10.05 10:14:51.204,1.98758,1.98796,1.00,1.00
2015.10.05 10:14:51.812,1.98758,1.98797,1.00,1.00
2015.10.05 10:14:56.149,1.98758,1.98796,1.00,1.00
2015.10.05 10:14:56.552,1.98758,1.98798,1.00,1.00
2015.10.05 10:14:57.022,1.98761,1.98802,1.00,1.50
2015.10.05 10:14:58.020,1.98761,1.98801,1.00,1.00
2015.10.05 10:14:58.548,1.98761,1.98802,1.00,1.50
2015.10.05 10:14:58.649,1.98764,1.98802,1.00,1.00
2015.10.05 10:15:00.405,1.98764,1.98801,1.00,1.00
2015.10.05 10:15:02.842,1.98761,1.98801,1.00,1.00
2015.10.05 10:15:03.798,1.98761,1.98802,1.00,1.50
2015.10.05 10:15:03.950,1.98761,1.98797,1.00,1.00
2015.10.05 10:15:04.537,1.98755,1.98796,1.00,1.00
2015.10.05 10:15:06.626,1.98753,1.98793,1.00,1.00
2015.10.05 10:15:07.412,1.98752,1.98792,1.00,1.50
2015.10.05 10:15:07.463,1.98749,1.9879,1.00,1.00
2015.10.05 10:15:07.564,1.98753,1.9879,1.00,1.00
2015.10.05 10:15:08.119,1.98749,1.9879,1.50,1.00
2015.10.05 10:15:09.699,1.98752,1.98791,1.00,1.00
2015.10.05 10:15:10.068,1.98754,1.98794,1.00,1.00
2015.10.05 10:15:10.813,1.98756,1.98796,1.00,1.50
2015.10.05 10:15:16.572,1.98756,1.98792,1.00,1.00
2015.10.05 10:15:16.824,1.98756,1.98796,1.00,1.50
2015.10.05 10:15:18.428,1.98759,1.98796,1.00,1.00
2015.10.05 10:15:20.101,1.98763,1.98801,1.00,1.00
2015.10.05 10:15:20.297,1.98763,1.98797,1.00,1.00
2015.10.05 10:15:20.449,1.98763,1.98801,1.00,1.00
2015.10.05 10:15:21.823,1.98767,1.98801,1.00,1.00
2015.10.05 10:15:21.874,1.98767,1.98803,1.00,1.00
2015.10.05 10:15:21.926,1.98767,1.98807,1.00,1.50
2015.10.05 10:15:22.492,1.9877,1.98807,1.00,1.00
2015.10.05 10:15:22.610,1.9877,1.9881,1.00,1.50
2015.10.05 10:15:22.762,1.98775,1.98812,1.00,1.00
2015.10.05 10:15:23.246,1.98775,1.98807,1.00,1.00
2015.10.05 10:15:24.055,1.98775,1.98801,1.00,1.00
2015.10.05 10:15:24.497,1.98775,1.98807,1.00,1.00
2015.10.05 10:15:25.262,1.98771,1.98807,1.00,1.00
2015.10.05 10:15:28.345,1.98771,1.98812,1.00,1.50
2015.10.05 10:15:29.097,1.98771,1.98807,1.00,1.00
2015.10.05 10:15:30.025,1.98771,1.98806,1.00,1.00
2015.10.05 10:15:31.245,1.98771,1.98807,1.00,1.00
2015.10.05 10:15:32.840,1.98771,1.98812,1.00,1.50
2015.10.05 10:15:32.992,1.98771,1.98807,1.00,1.00
2015.10.05 10:15:33.093,1.98771,1.98811,1.00,1.00
2015.10.05 10:15:33.642,1.98776,1.98811,1.00,1.00
2015.10.05 10:15:34.378,1.98776,1.98815,1.00,1.00
2015.10.05 10:15:34.793,1.98778,1.98816,1.00,1.50
2015.10.05 10:15:34.944,1.98775,1.98815,1.00,1.00
2015.10.05 10:15:35.046,1.98775,1.98811,1.00,1.00
2015.10.05 10:15:35.148,1.98775,1.98814,1.00,1.00
2015.10.05 10:15:35.801,1.98781,1.98822,1.00,1.50
2015.10.05 10:15:36.327,1.98778,1.98819,1.00,1.00
2015.10.05 10:15:36.630,1.98778,1.98812,1.00,1.00
2015.10.05 10:15:37.382,1.98778,1.98811,1.00,1.00
2015.10.05 10:15:37.821,1.98778,1.98807,1.00,1.00
2015.10.05 10:15:38.084,1.98769,1.98807,1.00,1.00
2015.10.05 10:15:39.212,1.98769,1.9881,1.00,1.00
2015.10.05 10:15:39.856,1.98773,1.98812,1.00,1.50
2015.10.05 10:15:45.778,1.98769,1.9881,1.00,1.00
2015.10.05 10:15:47.727,1.98772,1.98813,1.00,1.00
2015.10.05 10:15:48.034,1.98775,1.98816,1.00,1.00
2015.10.05 10:15:48.711,1.98775,1.98813,1.00,1.00
2015.10.05 10:15:49.239,1.98775,1.98812,1.00,1.00
2015.10.05 10:15:50.201,1.98775,1.9881,1.00,1.00
2015.10.05 10:15:50.737,1.98775,1.98807,1.00,1.00
2015.10.05 10:15:51.064,1.98766,1.98806,1.00,1.00
2015.10.05 10:15:51.940,1.98767,1.98806,1.00,1.50
2015.10.05 10:15:51.991,1.98769,1.98806,1.00,1.00
2015.10.05 10:15:53.517,1.98769,1.98805,1.00,1.00
2015.10.05 10:15:54.493,1.98769,1.98806,1.00,1.00
2015.10.05 10:15:54.645,1.98769,1.98809,1.00,1.00
2015.10.05 10:15:55.153,1.98769,1.9881,1.00,1.50
2015.10.05 10:15:55.406,1.98769,1.98807,1.00,1.00
2015.10.05 10:15:55.506,1.98769,1.9881,1.00,1.50
2015.10.05 10:15:55.708,1.98772,1.98811,1.00,1.00
2015.10.05 10:15:55.809,1.98772,1.98813,1.00,1.00
2015.10.05 10:15:55.860,1.98769,1.98811,1.00,1.00
2015.10.05 10:15:56.992,1.98769,1.9881,1.00,1.00
2015.10.05 10:15:57.247,1.98769,1.98808,1.00,1.00
2015.10.05 10:15:57.448,1.98763,1.98803,1.00,1.00
2015.10.05 10:15:57.701,1.98763,1.98799,1.00,1.00
2015.10.05 10:15:58.282,1.98758,1.98797,1.00,1.00
2015.10.05 10:15:58.783,1.98758,1.98798,1.00,1.50
2015.10.05 10:15:58.841,1.98755,1.98795,1.00,1.00
2015.10.05 10:15:59.816,1.98755,1.98794,1.00,1.00
2015.10.05 10:16:00.139,1.9875,1.98792,1.00,1.00
2015.10.05 10:16:06.747,1.98752,1.98792,1.00,1.00
2015.10.05 10:16:07.069,1.98757,1.98796,1.00,1.00
2015.10.05 10:16:07.684,1.98757,1.98798,1.00,1.50
2015.10.05 10:16:08.327,1.98754,1.98791,1.50,1.00
2015.10.05 10:16:08.479,1.98758,1.98797,1.00,1.00
2015.10.05 10:16:08.630,1.98758,1.98792,1.00,1.00
2015.10.05 10:16:08.781,1.98754,1.98792,1.00,1.00
2015.10.05 10:16:08.832,1.98754,1.98794,1.00,1.00
2015.10.05 10:16:09.034,1.98754,1.98792,1.00,1.00
2015.10.05 10:16:09.135,1.9875,1.98792,1.00,1.50
2015.10.05 10:16:11.116,1.9875,1.98791,1.00,1.00
2015.10.05 10:16:11.895,1.9875,1.98792,1.00,1.50
2015.10.05 10:16:11.946,1.98755,1.98792,1.00,1.00
2015.10.05 10:16:12.352,1.98751,1.98782,1.00,1.00
2015.10.05 10:16:12.453,1.98743,1.98777,1.00,1.00
2015.10.05 10:16:12.554,1.98742,1.98781,1.50,1.00
2015.10.05 10:16:13.077,1.98744,1.98786,1.00,1.50
2015.10.05 10:16:13.128,1.98747,1.98786,1.00,1.00
2015.10.05 10:16:13.330,1.98745,1.98786,1.00,1.00
2015.10.05 10:16:13.581,1.98744,1.98782,1.00,1.00
2015.10.05 10:16:13.733,1.98741,1.98782,1.00,1.50
2015.10.05 10:16:14.549,1.98741,1.98781,1.00,1.00
2015.10.05 10:16:15.516,1.98741,1.98777,1.00,1.00
2015.10.05 10:16:16.192,1.9874,1.98777,1.00,1.00
2015.10.05 10:16:17.097,1.9874,1.98782,1.00,1.50
2015.10.05 10:16:17.943,1.9874,1.98776,1.00,1.00
2015.10.05 10:16:18.447,1.9874,1.98772,1.00,1.00
2015.10.05 10:16:18.497,1.98736,1.98772,1.00,1.00
2015.10.05 10:16:18.649,1.98734,1.98772,1.00,1.00
2015.10.05 10:16:18.749,1.98734,1.98766,1.00,1.00
2015.10.05 10:16:19.282,1.98727,1.98766,1.50,1.00
2015.10.05 10:16:24.346,1.98727,1.98767,1.00,1.50
2015.10.05 10:16:24.998,1.98727,1.98766,1.00,1.00
2015.10.05 10:16:26.363,1.98729,1.98767,1.00,1.00
2015.10.05 10:16:26.414,1.98732,1.98771,1.00,1.50
2015.10.05 10:16:26.957,1.98733,1.98772,1.00,1.00
2015.10.05 10:16:29.689,1.98731,1.98771,1.00,1.00
2015.10.05 10:16:30.226,1.9873,1.98771,1.00,1.00
2015.10.05 10:16:31.956,1.98727,1.98767,1.00,1.00
2015.10.05 10:16:32.726,1.98723,1.98765,1.00,1.00
2015.10.05 10:16:36.676,1.98723,1.98762,1.00,1.00
2015.10.05 10:16:36.907,1.98723,1.98765,1.00,1.00
2015.10.05 10:16:37.650,1.98723,1.98761,1.00,1.00
2015.10.05 10:16:38.463,1.98714,1.98755,1.00,1.00
2015.10.05 10:16:38.564,1.98714,1.98752,1.00,1.00
2015.10.05 10:16:38.766,1.98711,1.98752,1.00,1.50
2015.10.05 10:16:38.918,1.98709,1.98749,1.00,1.00
2015.10.05 10:16:39.220,1.98705,1.98745,1.00,1.00
2015.10.05 10:16:39.422,1.98701,1.98742,1.00,1.50
2015.10.05 10:16:39.964,1.98698,1.98739,1.00,1.00
2015.10.05 10:16:42.125,1.98701,1.98742,1.00,1.00
2015.10.05 10:16:42.662,1.98701,1.98743,1.00,1.00
2015.10.05 10:16:50.646,1.98699,1.98744,1.00,1.00
2015.10.05 10:16:53.385,1.98702,1.98747,1.00,1.00
2015.10.05 10:16:53.729,1.98704,1.98749,1.00,1.00
2015.10.05 10:16:54.488,1.98703,1.98749,1.00,1.00
2015.10.05 10:16:55.188,1.98704,1.9875,1.00,1.00
2015.10.05 10:16:57.894,1.98704,1.98746,1.00,1.00
2015.10.05 10:16:57.945,1.98701,1.98746,1.00,1.00
2015.10.05 10:16:58.193,1.98705,1.98746,1.00,1.00
2015.10.05 10:16:58.638,1.98708,1.98746,1.00,1.00
2015.10.05 10:16:58.948,1.98712,1.98747,1.00,1.00
2015.10.05 10:16:59.251,1.98708,1.98741,1.00,1.00
2015.10.05 10:16:59.551,1.98708,1.98746,1.00,1.00
2015.10.05 10:17:00.801,1.98706,1.98746,1.50,1.00
2015.10.05 10:17:01.335,1.98701,1.98746,1.00,1.00
2015.10.05 10:17:01.638,1.98704,1.98746,1.00,1.00
2015.10.05 10:17:02.457,1.98709,1.98746,1.00,1.00
2015.10.05 10:17:02.659,1.9871,1.98749,1.00,1.00
2015.10.05 10:17:02.710,1.9871,1.98751,1.00,1.00
2015.10.05 10:17:03.216,1.98709,1.98752,1.00,1.00
2015.10.05 10:17:03.267,1.98707,1.98752,1.00,1.00
2015.10.05 10:17:03.419,1.98707,1.98746,1.00,1.00
2015.10.05 10:17:04.423,1.98708,1.98751,1.00,1.00
2015.10.05 10:17:05.274,1.9871,1.98751,1.00,1.00
2015.10.05 10:17:05.375,1.9871,1.98755,1.00,1.00
2015.10.05 10:17:05.574,1.98712,1.98755,1.00,1.00
2015.10.05 10:17:06.106,1.98712,1.98757,1.00,1.00
2015.10.05 10:17:08.464,1.98713,1.98757,1.00,1.00
2015.10.05 10:17:08.875,1.98716,1.98757,1.00,1.00
2015.10.05 10:17:09.130,1.98716,1.98761,1.00,1.00
2015.10.05 10:17:09.231,1.98718,1.98761,1.00,1.00
2015.10.05 10:17:09.545,1.98723,1.98765,1.00,1.00
2015.10.05 10:17:10.066,1.9872,1.98767,1.50,1.00
2015.10.05 10:17:10.167,1.9872,1.98765,1.00,1.00
2015.10.05 10:17:10.485,1.98718,1.98761,1.00,1.00
2015.10.05 10:17:11.095,1.98718,1.98762,1.00,1.00
2015.10.05 10:17:11.806,1.98718,1.98757,1.00,1.00
2015.10.05 10:17:12.098,1.98718,1.98762,1.00,1.00
2015.10.05 10:17:14.470,1.98718,1.98757,1.00,1.00
2015.10.05 10:17:16.666,1.98724,1.98762,1.00,1.00
2015.10.05 10:17:16.853,1.98724,1.98767,1.00,1.00
2015.10.05 10:17:22.595,1.98726,1.98767,1.00,1.00
2015.10.05 10:17:23.094,1.98728,1.98767,1.00,1.00
2015.10.05 10:17:23.296,1.98731,1.98771,1.00,1.00
2015.10.05 10:17:23.826,1.98732,1.98771,1.00,1.00
2015.10.05 10:17:23.877,1.98732,1.98777,1.00,1.00
2015.10.05 10:17:23.927,1.98734,1.98777,1.00,1.00
2015.10.05 10:17:24.079,1.98737,1.98782,1.00,1.00
2015.10.05 10:17:24.180,1.98739,1.98782,1.00,1.00
2015.10.05 10:17:24.736,1.98739,1.98785,1.00,1.00
2015.10.05 10:17:24.787,1.98741,1.98787,1.00,1.50
2015.10.05 10:17:24.938,1.98737,1.98784,1.00,1.00
2015.10.05 10:17:24.989,1.98737,1.98782,1.00,1.00
2015.10.05 10:17:25.342,1.98734,1.98777,1.00,1.00
2015.10.05 10:17:25.844,1.98733,1.98777,1.00,1.00
2015.10.05 10:17:25.965,1.98733,1.98782,1.50,2.25
2015.10.05 10:17:27.344,1.98734,1.98782,1.00,1.50
2015.10.05 10:17:27.850,1.98733,1.98782,1.50,2.25
2015.10.05 10:17:28.452,1.98734,1.98782,1.00,1.50
2015.10.05 10:17:28.604,1.98734,1.98777,1.00,1.00
2015.10.05 10:17:29.264,1.98733,1.98777,1.00,1.00
2015.10.05 10:17:30.205,1.98732,1.98777,1.00,1.00
2015.10.05 10:17:32.477,1.98733,1.98777,1.00,1.00
2015.10.05 10:17:32.679,1.98734,1.98781,1.00,1.00
2015.10.05 10:17:32.962,1.98736,1.98782,1.00,1.50
2015.10.05 10:17:33.440,1.98736,1.98776,1.00,1.00
2015.10.05 10:17:33.542,1.98739,1.98782,1.00,1.00
2015.10.05 10:17:33.744,1.98737,1.98782,1.00,1.00
2015.10.05 10:17:34.046,1.98733,1.98781,1.50,1.00
2015.10.05 10:17:34.097,1.98736,1.98781,1.00,1.00
2015.10.05 10:17:34.298,1.98745,1.98791,1.00,1.00
2015.10.05 10:17:34.449,1.98748,1.98788,1.00,1.00
2015.10.05 10:17:37.027,1.98751,1.98792,1.00,1.00
2015.10.05 10:17:39.225,1.98755,1.98794,1.00,1.00
2015.10.05 10:17:45.784,1.98758,1.98799,1.00,1.00
2015.10.05 10:17:46.170,1.98756,1.98803,1.00,1.00
2015.10.05 10:17:47.335,1.98759,1.98806,1.00,1.00
2015.10.05 10:17:50.150,1.98757,1.98805,1.00,1.00
2015.10.05 10:17:50.352,1.9876,1.98807,1.50,1.00
2015.10.05 10:17:50.654,1.98765,1.98811,1.00,1.00
2015.10.05 10:17:51.908,1.98763,1.98796,1.00,1.00
2015.10.05 10:17:52.060,1.98754,1.98796,1.00,1.00
2015.10.05 10:17:52.161,1.98751,1.98791,1.00,1.00
2015.10.05 10:17:52.262,1.98747,1.98791,1.00,1.00
2015.10.05 10:17:53.000,1.98747,1.9879,1.00,1.00
2015.10.05 10:17:53.601,1.98747,1.98792,1.00,1.50
2015.10.05 10:17:55.904,1.98747,1.98793,1.00,1.00
2015.10.05 10:17:56.450,1.98747,1.98792,1.00,1.00
2015.10.05 10:17:57.809,1.98752,1.98795,1.00,1.50
2015.10.05 10:17:57.860,1.98753,1.98801,1.00,1.00
2015.10.05 10:17:57.911,1.98756,1.98802,1.00,1.00
2015.10.05 10:17:58.411,1.98758,1.98803,1.00,1.50
2015.10.05 10:17:58.735,1.9876,1.98803,1.00,1.00
2015.10.05 10:17:59.360,1.98762,1.98807,1.00,1.00
2015.10.05 10:17:59.714,1.98764,1.98807,1.00,1.00
2015.10.05 10:18:00.241,1.98765,1.9881,1.00,1.50
2015.10.05 10:18:00.454,1.98763,1.9881,1.00,1.50
2015.10.05 10:18:00.505,1.98763,1.98807,1.00,1.00
2015.10.05 10:18:01.034,1.98762,1.98807,1.00,1.00
2015.10.05 10:18:01.136,1.98762,1.9881,1.00,1.50
2015.10.05 10:18:01.820,1.98762,1.98807,1.00,1.00
2015.10.05 10:18:03.160,1.9876,1.98803,1.00,1.00
2015.10.05 10:18:03.226,1.98757,1.98803,1.50,1.00
2015.10.05 10:18:03.730,1.98757,1.98802,1.50,1.00
2015.10.05 10:18:04.720,1.98757,1.98801,1.00,1.00
2015.10.05 10:18:05.891,1.98757,1.98802,1.00,1.00
2015.10.05 10:18:06.654,1.98757,1.98803,1.00,1.00
2015.10.05 10:18:07.066,1.9876,1.98803,1.00,1.00
2015.10.05 10:18:07.117,1.9876,1.98806,1.50,1.00
2015.10.05 10:18:08.022,1.98761,1.98806,1.00,1.00
2015.10.05 10:18:08.610,1.98762,1.98806,1.00,1.00
2015.10.05 10:18:10.026,1.98764,1.98806,1.00,1.00
2015.10.05 10:18:10.267,1.9876,1.98806,1.50,1.00
2015.10.05 10:18:12.123,1.98762,1.98806,1.00,1.50
2015.10.05 10:18:12.425,1.98768,1.9881,1.00,1.00
2015.10.05 10:18:12.476,1.9877,1.98815,1.00,1.00
2015.10.05 10:18:12.577,1.98772,1.98815,1.00,1.00
2015.10.05 10:18:12.628,1.98772,1.98817,1.00,1.50
2015.10.05 10:18:12.794,1.98772,1.98819,1.00,1.00
2015.10.05 10:18:13.126,1.98772,1.98817,1.00,1.00
2015.10.05 10:18:13.581,1.98773,1.98819,1.00,1.00
2015.10.05 10:18:14.341,1.98773,1.98812,1.00,1.00
2015.10.05 10:18:14.442,1.98769,1.98812,1.00,1.00
2015.10.05 10:18:15.820,1.98769,1.98815,1.00,1.00
2015.10.05 10:18:15.871,1.98769,1.98812,1.00,1.50
2015.10.05 10:18:16.124,1.98769,1.98814,1.00,1.00
2015.10.05 10:18:16.646,1.98769,1.98815,1.00,1.50
2015.10.05 10:18:16.697,1.98775,1.98817,1.00,1.00
2015.10.05 10:18:17.902,1.98775,1.98811,1.00,1.00
2015.10.05 10:18:18.207,1.98768,1.98811,1.00,1.00
2015.10.05 10:18:19.556,1.98768,1.98816,1.00,1.00
2015.10.05 10:18:19.606,1.98771,1.98816,1.00,1.00
2015.10.05 10:18:20.303,1.98774,1.98817,1.00,1.00
2015.10.05 10:18:20.361,1.98774,1.9882,1.00,1.00
2015.10.05 10:18:20.566,1.98774,1.98816,1.50,1.00
2015.10.05 10:18:21.878,1.98774,1.98817,1.00,1.00
2015.10.05 10:18:23.846,1.98775,1.98817,1.00,1.00
2015.10.05 10:18:24.054,1.98777,1.98822,1.00,1.00
2015.10.05 10:18:24.384,1.98777,1.98817,1.00,1.00
2015.10.05 10:18:24.617,1.98777,1.98822,1.00,1.00
2015.10.05 10:18:24.823,1.98777,1.98816,1.00,1.00
2015.10.05 10:18:25.421,1.98777,1.98822,1.00,1.00
2015.10.05 10:18:25.730,1.98779,1.98822,1.00,1.00
2015.10.05 10:18:25.830,1.9878,1.98826,1.00,1.00
2015.10.05 10:18:25.881,1.98783,1.98826,1.00,1.00
2015.10.05 10:18:26.082,1.98787,1.98832,1.00,1.50
2015.10.05 10:18:27.353,1.98787,1.98827,1.00,1.00
2015.10.05 10:18:27.466,1.98787,1.98832,1.00,1.50
2015.10.05 10:18:27.567,1.98783,1.98831,1.00,1.00
2015.10.05 10:18:29.334,1.98784,1.98827,1.00,1.00
2015.10.05 10:18:29.637,1.98783,1.98822,1.00,1.00
2015.10.05 10:18:29.788,1.98783,1.98826,1.00,1.00
2015.10.05 10:18:30.041,1.98783,1.98822,1.00,1.00
2015.10.05 10:18:30.841,1.98787,1.98827,1.00,1.00
2015.10.05 10:18:30.942,1.98787,1.98832,1.00,1.00
2015.10.05 10:18:31.435,1.98791,1.98832,1.00,1.00
2015.10.05 10:18:31.788,1.98794,1.98831,1.00,1.00
2015.10.05 10:18:33.146,1.98796,1.98831,1.00,1.00
2015.10.05 10:18:33.403,1.98796,1.98837,1.00,1.00
2015.10.05 10:18:33.862,1.98796,1.98832,1.00,1.00
2015.10.05 10:18:34.850,1.98794,1.98832,1.00,1.00
2015.10.05 10:18:35.184,1.98787,1.98832,1.00,1.00
2015.10.05 10:18:39.010,1.98788,1.98832,1.00,1.00
2015.10.05 10:18:39.556,1.98787,1.98832,1.00,1.00
2015.10.05 10:18:42.008,1.98788,1.98832,1.00,1.00
2015.10.05 10:18:42.109,1.98788,1.98827,1.00,1.00
2015.10.05 10:18:42.618,1.98787,1.98827,1.00,1.00
2015.10.05 10:18:43.277,1.98791,1.98827,1.00,1.00
2015.10.05 10:18:43.328,1.98787,1.98826,1.00,1.00
2015.10.05 10:18:43.379,1.98783,1.98826,1.00,1.00
2015.10.05 10:18:43.922,1.9878,1.98826,1.00,2.25
2015.10.05 10:18:43.972,1.9878,1.98822,1.00,1.00
2015.10.05 10:18:45.652,1.9878,1.98821,1.00,1.00
2015.10.05 10:18:46.713,1.9878,1.98822,1.00,1.00
