2016.07.06 07:00:00.027,1.68314,1.6838,1.00,1.00
2016.07.06 07:00:00.128,1.68312,1.6838,1.00,1.00
2016.07.06 07:00:00.334,1.68314,1.6838,1.00,1.00
2016.07.06 07:00:00.618,1.68309,1.6838,1.50,1.00
2016.07.06 07:00:00.672,1.68309,1.68374,1.00,1.00
2016.07.06 07:00:00.823,1.68306,1.68373,1.50,1.00
2016.07.06 07:00:00.894,1.68306,1.68371,1.00,1.00
2016.07.06 07:00:00.995,1.68302,1.68371,1.50,1.00
2016.07.06 07:00:01.304,1.68302,1.68357,1.00,1.00
2016.07.06 07:00:01.675,1.68303,1.68355,1.00,1.00
2016.07.06 07:00:01.726,1.68303,1.68357,1.00,1.00
2016.07.06 07:00:01.777,1.68299,1.68357,1.50,1.00
2016.07.06 07:00:01.827,1.68313,1.6836,1.00,2.25
2016.07.06 07:00:01.977,1.68333,1.68384,1.00,1.00
2016.07.06 07:00:02.129,1.68338,1.68395,1.00,1.00
2016.07.06 07:00:02.280,1.6834,1.68395,1.67,1.00
2016.07.06 07:00:02.516,1.68338,1.68395,1.00,1.00
2016.07.06 07:00:02.568,1.68347,1.68402,1.00,1.27
2016.07.06 07:00:02.870,1.68355,1.68407,1.00,1.00
2016.07.06 07:00:02.921,1.68355,1.68417,1.50,1.50
2016.07.06 07:00:03.072,1.68355,1.68417,1.50,1.52
2016.07.06 07:00:03.379,1.68349,1.68411,1.50,1.52
2016.07.06 07:00:03.429,1.68353,1.68417,1.00,2.77
2016.07.06 07:00:03.480,1.68354,1.68417,1.00,2.77
2016.07.06 07:00:03.530,1.68357,1.68417,1.00,2.77
2016.07.06 07:00:03.581,1.68357,1.68417,1.50,2.25
2016.07.06 07:00:03.682,1.68363,1.68417,1.00,1.00
2016.07.06 07:00:03.934,1.68366,1.68422,1.00,1.00
2016.07.06 07:00:03.985,1.68368,1.68422,1.00,1.00
2016.07.06 07:00:04.539,1.68372,1.68417,1.00,1.00
2016.07.06 07:00:04.612,1.68375,1.68421,1.00,1.00
2016.07.06 07:00:05.010,1.68375,1.68426,1.00,1.00
2016.07.06 07:00:05.156,1.68378,1.68421,1.00,1.00
2016.07.06 07:00:05.257,1.68378,1.68428,1.00,2.02
2016.07.06 07:00:05.359,1.68381,1.68432,1.00,1.00
2016.07.06 07:00:05.643,1.6838,1.68437,1.00,1.00
2016.07.06 07:00:05.744,1.68376,1.68437,1.00,1.00
2016.07.06 07:00:06.059,1.68376,1.68427,1.00,1.00
2016.07.06 07:00:06.110,1.68372,1.68427,1.00,1.00
2016.07.06 07:00:06.261,1.68372,1.68421,1.00,1.00
2016.07.06 07:00:06.312,1.68368,1.68421,1.00,1.00
2016.07.06 07:00:06.579,1.68366,1.68422,1.00,1.00
2016.07.06 07:00:06.630,1.68365,1.68426,1.50,1.27
2016.07.06 07:00:06.731,1.68365,1.68422,1.50,1.00
2016.07.06 07:00:07.115,1.68365,1.68427,1.50,1.00
2016.07.06 07:00:07.404,1.68365,1.68422,1.00,1.00
2016.07.06 07:00:07.656,1.68357,1.68417,1.00,1.00
2016.07.06 07:00:07.870,1.68355,1.68407,1.00,1.00
2016.07.06 07:00:07.921,1.68348,1.68407,1.50,1.00
2016.07.06 07:00:08.022,1.68349,1.68401,1.00,1.00
2016.07.06 07:00:08.224,1.68344,1.68397,1.00,1.00
2016.07.06 07:00:08.274,1.68346,1.68397,1.00,1.00
2016.07.06 07:00:08.375,1.68333,1.68397,1.50,1.00
2016.07.06 07:00:08.527,1.68338,1.68392,1.00,1.00
2016.07.06 07:00:08.678,1.68333,1.68389,1.50,1.00
2016.07.06 07:00:08.779,1.68336,1.68389,1.00,1.00
2016.07.06 07:00:09.183,1.68336,1.68392,1.00,1.50
2016.07.06 07:00:09.384,1.68332,1.68391,1.00,1.00
2016.07.06 07:00:09.585,1.68328,1.6839,1.00,1.50
2016.07.06 07:00:10.141,1.68323,1.68386,1.12,1.00
2016.07.06 07:00:10.191,1.68333,1.68386,1.00,1.50
2016.07.06 07:00:10.342,1.68332,1.68391,1.00,1.00
2016.07.06 07:00:10.393,1.68343,1.68391,1.00,1.00
2016.07.06 07:00:10.544,1.68343,1.68402,1.00,1.50
2016.07.06 07:00:10.595,1.68338,1.684,1.50,1.00
2016.07.06 07:00:10.645,1.68338,1.68396,1.00,1.00
2016.07.06 07:00:10.696,1.68335,1.68396,1.00,1.00
2016.07.06 07:00:10.797,1.68332,1.68396,1.00,1.00
2016.07.06 07:00:11.310,1.68335,1.68396,1.00,1.00
2016.07.06 07:00:11.361,1.68335,1.68402,1.00,1.50
2016.07.06 07:00:11.634,1.68335,1.68392,1.12,1.00
2016.07.06 07:00:11.786,1.68331,1.68394,1.00,1.00
2016.07.06 07:00:11.937,1.68332,1.68398,1.00,2.25
2016.07.06 07:00:12.088,1.68335,1.684,1.00,1.27
2016.07.06 07:00:12.448,1.68336,1.68397,1.00,1.00
2016.07.06 07:00:12.499,1.68332,1.68397,1.00,1.00
2016.07.06 07:00:12.602,1.68329,1.68397,1.00,1.00
2016.07.06 07:00:12.702,1.68328,1.68397,1.50,2.02
2016.07.06 07:00:13.380,1.68328,1.68396,1.00,1.52
2016.07.06 07:00:13.690,1.68332,1.68392,1.00,1.12
2016.07.06 07:00:13.841,1.68333,1.684,1.50,1.90
2016.07.06 07:00:13.892,1.68333,1.68403,3.00,2.02
2016.07.06 07:00:14.336,1.68339,1.68401,1.00,1.52
2016.07.06 07:00:14.733,1.68338,1.68404,1.00,1.90
2016.07.06 07:00:14.784,1.68334,1.68402,1.00,2.02
2016.07.06 07:00:15.041,1.68332,1.684,1.50,1.52
2016.07.06 07:00:15.542,1.68331,1.68399,1.50,2.02
2016.07.06 07:00:15.795,1.68333,1.68396,1.00,1.52
2016.07.06 07:00:16.097,1.68332,1.68392,1.00,1.00
2016.07.06 07:00:16.198,1.68333,1.68394,1.50,1.00
2016.07.06 07:00:16.300,1.68328,1.68395,1.50,1.27
2016.07.06 07:00:16.664,1.68327,1.68392,2.25,1.00
2016.07.06 07:00:17.073,1.68327,1.68394,1.50,1.27
2016.07.06 07:00:17.275,1.68325,1.68393,1.00,1.50
2016.07.06 07:00:17.326,1.68325,1.68393,1.00,2.02
2016.07.06 07:00:17.376,1.68323,1.68389,1.00,1.52
2016.07.06 07:00:17.477,1.6832,1.68387,1.50,1.50
2016.07.06 07:00:17.528,1.6832,1.68387,1.00,1.52
2016.07.06 07:00:17.578,1.68316,1.68383,1.00,1.52
2016.07.06 07:00:17.629,1.68316,1.6838,1.00,1.00
2016.07.06 07:00:18.220,1.68315,1.68382,1.00,1.90
2016.07.06 07:00:18.371,1.68313,1.68384,1.87,2.40
2016.07.06 07:00:18.472,1.68315,1.6838,1.00,1.52
2016.07.06 07:00:18.674,1.68312,1.6838,1.00,1.52
2016.07.06 07:00:19.095,1.68321,1.6838,1.00,1.52
2016.07.06 07:00:19.340,1.68318,1.68382,1.00,1.00
2016.07.06 07:00:19.392,1.68317,1.68385,1.00,1.12
2016.07.06 07:00:19.452,1.68316,1.68382,1.00,1.67
2016.07.06 07:00:19.755,1.68312,1.68372,1.00,1.00
2016.07.06 07:00:19.856,1.68311,1.68376,1.00,1.00
2016.07.06 07:00:19.907,1.68309,1.68376,1.00,1.52
2016.07.06 07:00:20.484,1.68309,1.68372,1.00,1.00
2016.07.06 07:00:20.686,1.68309,1.68374,1.00,1.50
2016.07.06 07:00:20.739,1.68309,1.68372,1.00,1.00
2016.07.06 07:00:21.114,1.68296,1.68361,1.52,3.00
2016.07.06 07:00:21.165,1.68293,1.68357,1.00,1.00
2016.07.06 07:00:21.367,1.68293,1.6836,1.00,1.50
2016.07.06 07:00:21.636,1.68293,1.68357,1.00,1.00
2016.07.06 07:00:21.842,1.68291,1.68357,1.20,1.00
2016.07.06 07:00:22.194,1.68293,1.68357,1.00,1.00
2016.07.06 07:00:22.733,1.68294,1.68357,1.50,1.00
2016.07.06 07:00:23.268,1.68293,1.68356,1.50,1.00
2016.07.06 07:00:23.571,1.68292,1.6836,1.00,2.25
2016.07.06 07:00:24.211,1.68292,1.68359,1.12,1.00
2016.07.06 07:00:24.513,1.68292,1.68359,1.52,1.00
2016.07.06 07:00:24.622,1.68292,1.68361,1.52,2.25
2016.07.06 07:00:25.215,1.68298,1.68364,1.00,1.52
2016.07.06 07:00:25.752,1.68298,1.68361,1.00,1.42
2016.07.06 07:00:26.262,1.68298,1.68362,1.00,1.42
2016.07.06 07:00:26.579,1.68298,1.68357,1.00,1.00
2016.07.06 07:00:26.730,1.68292,1.68357,1.37,1.52
2016.07.06 07:00:26.831,1.68292,1.68357,1.00,1.52
2016.07.06 07:00:27.345,1.68292,1.68357,1.00,1.52
2016.07.06 07:00:27.660,1.68294,1.6836,1.00,2.77
2016.07.06 07:00:27.761,1.68298,1.6836,1.00,2.77
2016.07.06 07:00:28.080,1.68295,1.68362,1.00,1.52
2016.07.06 07:00:28.385,1.68298,1.68361,2.02,1.50
2016.07.06 07:00:28.647,1.68301,1.68366,1.00,1.00
2016.07.06 07:00:28.697,1.68304,1.68366,1.00,1.00
2016.07.06 07:00:28.748,1.68304,1.68369,1.00,2.25
2016.07.06 07:00:28.849,1.68303,1.68367,1.00,1.00
2016.07.06 07:00:29.151,1.68299,1.68361,1.50,1.67
2016.07.06 07:00:29.554,1.68298,1.68362,3.34,1.52
2016.07.06 07:00:30.087,1.68299,1.68361,1.12,1.52
2016.07.06 07:00:30.353,1.68297,1.68357,1.12,1.52
2016.07.06 07:00:31.003,1.68298,1.68357,1.00,1.52
2016.07.06 07:00:32.438,1.68299,1.68357,1.00,1.52
2016.07.06 07:00:32.945,1.68298,1.68361,1.00,1.52
2016.07.06 07:00:33.046,1.68295,1.6835,1.87,1.27
2016.07.06 07:00:33.247,1.68279,1.68341,1.00,1.52
2016.07.06 07:00:33.666,1.68279,1.68346,1.12,1.52
2016.07.06 07:00:33.868,1.68275,1.68341,2.17,1.52
2016.07.06 07:00:34.197,1.68278,1.68337,2.36,1.00
2016.07.06 07:00:34.639,1.68278,1.68337,1.61,1.00
2016.07.06 07:00:35.150,1.68279,1.68336,1.34,1.00
2016.07.06 07:00:35.443,1.68283,1.68342,1.09,1.52
2016.07.06 07:00:35.516,1.68274,1.68332,1.86,1.00
2016.07.06 07:00:35.566,1.68273,1.68332,1.86,1.00
2016.07.06 07:00:35.617,1.68272,1.68337,2.36,1.50
2016.07.06 07:00:35.668,1.68278,1.68337,1.34,1.67
2016.07.06 07:00:35.981,1.68284,1.68346,1.86,1.00
2016.07.06 07:00:36.082,1.68285,1.68347,1.34,1.52
2016.07.06 07:00:36.384,1.68285,1.68347,1.20,1.52
2016.07.06 07:00:36.435,1.68282,1.68341,1.52,1.00
2016.07.06 07:00:36.831,1.6828,1.68346,2.36,2.77
2016.07.06 07:00:36.884,1.68279,1.68344,1.84,1.67
2016.07.06 07:00:36.985,1.68278,1.6834,1.24,1.27
2016.07.06 07:00:37.456,1.68282,1.68341,1.00,1.00
2016.07.06 07:00:37.607,1.68281,1.68348,2.02,1.65
2016.07.06 07:00:37.708,1.68281,1.68344,1.99,1.00
2016.07.06 07:00:37.965,1.68289,1.68348,1.99,1.00
2016.07.06 07:00:38.031,1.6829,1.68351,1.86,1.00
2016.07.06 07:00:38.559,1.6829,1.6835,2.36,1.00
2016.07.06 07:00:38.660,1.68291,1.6835,1.52,1.00
2016.07.06 07:00:38.860,1.68291,1.68353,1.52,1.27
2016.07.06 07:00:39.287,1.68285,1.68347,1.52,1.52
2016.07.06 07:00:39.388,1.68283,1.68343,1.00,2.17
2016.07.06 07:00:39.590,1.68281,1.68344,1.34,2.77
2016.07.06 07:00:40.094,1.68278,1.68343,2.59,2.17
2016.07.06 07:00:40.346,1.68278,1.68342,1.84,1.67
2016.07.06 07:00:40.397,1.68278,1.6834,1.84,1.00
2016.07.06 07:00:40.448,1.68291,1.6834,1.00,1.00
2016.07.06 07:00:40.599,1.68295,1.68352,1.00,2.40
2016.07.06 07:00:40.974,1.68292,1.68352,1.00,2.17
2016.07.06 07:00:41.075,1.68291,1.6835,1.50,1.27
2016.07.06 07:00:41.415,1.6829,1.68342,3.00,2.02
2016.07.06 07:00:41.465,1.6829,1.68342,3.00,2.17
2016.07.06 07:00:41.969,1.68291,1.68344,1.50,1.52
2016.07.06 07:00:42.471,1.6829,1.68341,1.00,1.52
2016.07.06 07:00:42.522,1.68278,1.68339,1.37,1.86
2016.07.06 07:00:42.573,1.68278,1.68329,1.00,1.00
2016.07.06 07:00:42.623,1.68274,1.68329,1.87,1.00
2016.07.06 07:00:42.674,1.68266,1.68327,1.50,1.52
2016.07.06 07:00:42.775,1.68263,1.68327,1.00,1.52
2016.07.06 07:00:42.876,1.68259,1.68326,2.59,1.90
2016.07.06 07:00:43.438,1.68264,1.68322,1.00,1.52
2016.07.06 07:00:43.589,1.68264,1.68321,1.00,1.20
2016.07.06 07:00:43.842,1.6826,1.68323,1.09,1.52
2016.07.06 07:00:44.320,1.68258,1.68318,1.34,1.65
2016.07.06 07:00:44.373,1.68253,1.68305,1.00,1.50
2016.07.06 07:00:44.474,1.68245,1.68304,1.67,1.50
2016.07.06 07:00:44.574,1.68245,1.68302,1.27,1.00
2016.07.06 07:00:44.676,1.68245,1.68307,1.27,1.27
2016.07.06 07:00:44.978,1.68247,1.68304,1.00,1.20
2016.07.06 07:00:45.432,1.68242,1.68309,1.87,2.40
2016.07.06 07:00:45.483,1.68242,1.68301,1.00,1.65
2016.07.06 07:00:45.534,1.68242,1.68301,1.00,1.95
2016.07.06 07:00:45.856,1.68242,1.68301,1.19,1.27
2016.07.06 07:00:46.159,1.68238,1.68299,1.00,1.52
2016.07.06 07:00:46.708,1.68237,1.68298,1.00,1.27
2016.07.06 07:00:47.283,1.68237,1.68297,1.00,1.05
2016.07.06 07:00:47.592,1.68231,1.68294,1.00,1.27
2016.07.06 07:00:47.846,1.68244,1.68294,1.00,1.27
2016.07.06 07:00:47.897,1.68244,1.68293,1.00,1.00
2016.07.06 07:00:47.947,1.68248,1.68297,1.00,1.27
2016.07.06 07:00:47.998,1.68248,1.68297,1.00,1.52
2016.07.06 07:00:48.099,1.68255,1.68303,1.00,1.00
2016.07.06 07:00:48.364,1.68266,1.68323,1.00,1.80
2016.07.06 07:00:48.418,1.68268,1.68326,1.00,1.00
2016.07.06 07:00:48.809,1.68268,1.6833,1.50,1.20
2016.07.06 07:00:48.960,1.68268,1.68331,1.00,1.27
2016.07.06 07:00:49.179,1.68268,1.68331,1.50,1.52
2016.07.06 07:00:49.229,1.68268,1.68331,1.50,1.27
2016.07.06 07:00:49.330,1.68264,1.68325,1.12,1.27
2016.07.06 07:00:49.381,1.68262,1.68324,1.00,1.00
2016.07.06 07:00:49.431,1.68262,1.68325,1.00,1.27
2016.07.06 07:00:49.483,1.6826,1.68316,1.00,1.05
2016.07.06 07:00:49.584,1.68255,1.68315,1.00,1.37
2016.07.06 07:00:50.191,1.68256,1.68315,1.00,1.12
2016.07.06 07:00:50.241,1.68256,1.68315,1.00,1.12
2016.07.06 07:00:50.493,1.68269,1.6833,1.87,1.42
2016.07.06 07:00:50.905,1.68269,1.68338,1.75,2.02
2016.07.06 07:00:51.007,1.68276,1.68339,1.12,2.17
2016.07.06 07:00:51.108,1.68278,1.6834,1.12,2.02
2016.07.06 07:00:51.309,1.68275,1.6834,1.87,2.02
2016.07.06 07:00:51.820,1.68276,1.6834,1.87,2.02
2016.07.06 07:00:52.301,1.6828,1.6834,1.00,2.02
2016.07.06 07:00:52.805,1.68276,1.68339,2.40,1.00
2016.07.06 07:00:52.856,1.6828,1.68339,1.00,1.00
2016.07.06 07:00:52.906,1.6828,1.68341,1.00,1.00
2016.07.06 07:00:53.007,1.6828,1.68341,1.00,1.67
2016.07.06 07:00:53.308,1.68275,1.68341,1.50,2.02
2016.07.06 07:00:53.675,1.68275,1.68336,1.00,2.23
2016.07.06 07:00:53.726,1.68273,1.68328,1.87,1.37
2016.07.06 07:00:53.828,1.68264,1.68326,1.00,1.52
2016.07.06 07:00:53.929,1.68261,1.68326,2.25,1.52
2016.07.06 07:00:54.031,1.68268,1.68323,1.00,1.52
2016.07.06 07:00:54.334,1.68261,1.68326,1.00,2.02
2016.07.06 07:00:54.384,1.68267,1.68326,1.00,1.90
2016.07.06 07:00:54.536,1.6826,1.68325,3.00,1.27
2016.07.06 07:00:55.211,1.68261,1.68325,1.00,1.52
2016.07.06 07:00:55.723,1.6826,1.68326,2.25,2.02
2016.07.06 07:00:55.824,1.68285,1.6832,1.00,1.05
2016.07.06 07:00:56.025,1.68291,1.68343,1.00,1.27
2016.07.06 07:00:56.126,1.6829,1.6835,1.00,1.52
2016.07.06 07:00:56.177,1.68287,1.6835,1.00,1.52
2016.07.06 07:00:56.927,1.68285,1.68351,1.00,1.27
2016.07.06 07:00:57.432,1.68286,1.68349,1.00,1.52
2016.07.06 07:00:57.899,1.68278,1.68345,1.37,1.90
2016.07.06 07:00:57.950,1.68278,1.68342,1.00,1.27
2016.07.06 07:00:58.453,1.68278,1.6834,1.00,1.57
2016.07.06 07:00:58.806,1.68279,1.6834,1.00,1.57
2016.07.06 07:00:59.337,1.68274,1.68337,1.52,1.12
2016.07.06 07:00:59.438,1.68274,1.68338,2.77,1.75
2016.07.06 07:00:59.996,1.68274,1.68339,2.77,1.75
2016.07.06 07:01:00.312,1.68274,1.68335,2.77,1.00
2016.07.06 07:01:00.430,1.68285,1.68344,1.00,1.00
2016.07.06 07:01:00.481,1.68285,1.68345,1.00,1.27
2016.07.06 07:01:00.582,1.68279,1.6834,1.52,1.00
2016.07.06 07:01:01.140,1.68279,1.68339,1.00,1.00
2016.07.06 07:01:03.124,1.68279,1.6834,1.00,1.00
2016.07.06 07:01:03.670,1.68279,1.68342,1.00,1.27
2016.07.06 07:01:05.247,1.68283,1.68339,1.37,1.00
2016.07.06 07:01:05.549,1.68292,1.68351,1.00,1.00
2016.07.06 07:01:05.808,1.68287,1.68351,2.02,1.00
2016.07.06 07:01:05.858,1.68286,1.68348,1.00,1.27
2016.07.06 07:01:06.060,1.68284,1.68348,1.00,1.52
2016.07.06 07:01:06.161,1.68284,1.68348,1.00,1.52
2016.07.06 07:01:06.657,1.68284,1.68348,1.50,1.27
2016.07.06 07:01:07.243,1.68287,1.68349,1.00,1.27
2016.07.06 07:01:08.829,1.68287,1.68352,1.00,1.27
2016.07.06 07:01:09.334,1.68287,1.68352,1.00,1.27
2016.07.06 07:01:10.451,1.68289,1.68352,1.50,1.00
2016.07.06 07:01:10.602,1.68292,1.68355,1.00,1.27
2016.07.06 07:01:10.653,1.68292,1.68356,1.87,1.27
2016.07.06 07:01:10.753,1.68301,1.68356,1.00,1.52
2016.07.06 07:01:10.854,1.68299,1.68363,1.12,1.57
2016.07.06 07:01:10.955,1.68299,1.68363,1.00,1.57
2016.07.06 07:01:11.056,1.68294,1.68359,1.00,1.52
2016.07.06 07:01:11.532,1.68294,1.68355,1.00,1.27
2016.07.06 07:01:11.783,1.68291,1.68354,1.50,1.27
2016.07.06 07:01:11.834,1.6829,1.6835,1.87,1.37
2016.07.06 07:01:12.187,1.6829,1.6835,3.75,1.00
2016.07.06 07:01:12.917,1.68294,1.6835,1.09,1.00
2016.07.06 07:01:13.018,1.68296,1.68355,1.37,1.57
2016.07.06 07:01:13.877,1.68298,1.68357,1.00,1.52
2016.07.06 07:01:16.149,1.68298,1.6836,1.00,2.02
2016.07.06 07:01:16.842,1.68298,1.68362,1.00,1.20
2016.07.06 07:01:16.893,1.68298,1.68363,1.00,1.05
2016.07.06 07:01:16.943,1.68303,1.68363,1.00,1.05
2016.07.06 07:01:17.245,1.68308,1.68372,1.37,1.52
2016.07.06 07:01:17.547,1.68308,1.68367,1.50,1.67
2016.07.06 07:01:17.598,1.68307,1.68364,1.00,1.00
2016.07.06 07:01:17.698,1.68299,1.68366,1.00,2.02
2016.07.06 07:01:17.906,1.68299,1.68365,1.00,1.27
2016.07.06 07:01:18.221,1.68299,1.68368,1.50,2.77
2016.07.06 07:01:18.859,1.68299,1.68368,1.75,1.52
2016.07.06 07:01:19.102,1.68299,1.68366,1.00,1.52
2016.07.06 07:01:19.269,1.68299,1.68366,1.00,1.65
2016.07.06 07:01:19.370,1.68297,1.68364,1.50,1.05
2016.07.06 07:01:19.471,1.68297,1.68361,1.00,1.52
2016.07.06 07:01:19.773,1.68299,1.68364,1.00,1.80
2016.07.06 07:01:20.427,1.68297,1.68357,1.00,1.52
2016.07.06 07:01:20.750,1.68315,1.6836,1.00,2.02
2016.07.06 07:01:20.801,1.68316,1.68362,1.00,2.17
2016.07.06 07:01:21.003,1.68312,1.68362,1.00,2.02
2016.07.06 07:01:21.104,1.68309,1.68362,1.00,1.27
2016.07.06 07:01:21.205,1.68304,1.68364,1.00,1.52
2016.07.06 07:01:24.014,1.68298,1.68362,1.50,1.52
2016.07.06 07:01:24.115,1.683,1.68357,1.00,1.52
2016.07.06 07:01:24.642,1.68299,1.6836,1.00,1.52
2016.07.06 07:01:25.118,1.68316,1.68351,1.00,1.00
2016.07.06 07:01:25.320,1.68316,1.68357,1.00,1.00
2016.07.06 07:01:25.778,1.68307,1.68361,1.50,1.27
2016.07.06 07:01:25.829,1.68302,1.68361,1.00,1.27
2016.07.06 07:01:25.879,1.68302,1.68364,1.00,1.27
2016.07.06 07:01:25.985,1.683,1.68361,1.50,1.00
2016.07.06 07:01:26.186,1.68303,1.68361,1.00,1.50
2016.07.06 07:01:26.287,1.68304,1.68367,2.02,1.00
2016.07.06 07:01:26.338,1.68304,1.68362,2.02,1.00
2016.07.06 07:01:26.388,1.68304,1.6837,1.20,1.52
2016.07.06 07:01:26.489,1.68308,1.68367,1.00,1.00
2016.07.06 07:01:26.804,1.68305,1.68367,1.00,1.00
2016.07.06 07:01:27.277,1.68305,1.68362,2.25,1.00
2016.07.06 07:01:27.378,1.68307,1.68367,1.50,1.67
2016.07.06 07:01:27.479,1.68313,1.68371,1.00,2.25
2016.07.06 07:01:27.960,1.68315,1.68372,1.00,1.00
2016.07.06 07:01:28.030,1.68312,1.68372,1.09,1.00
2016.07.06 07:01:28.556,1.68313,1.68371,1.00,1.00
2016.07.06 07:01:28.607,1.68312,1.68377,1.52,1.00
2016.07.06 07:01:28.900,1.68314,1.68377,1.00,1.05
2016.07.06 07:01:29.002,1.68309,1.68376,1.20,1.05
2016.07.06 07:01:29.126,1.68307,1.68372,1.00,1.52
2016.07.06 07:01:29.509,1.68314,1.68378,1.00,1.90
2016.07.06 07:01:29.849,1.68317,1.68386,1.52,1.52
2016.07.06 07:01:30.101,1.68315,1.68376,1.50,1.67
2016.07.06 07:01:30.252,1.68311,1.68376,1.12,1.67
2016.07.06 07:01:30.303,1.68308,1.68378,1.37,2.02
2016.07.06 07:01:30.354,1.68307,1.68377,1.37,2.02
2016.07.06 07:01:30.720,1.68304,1.68375,1.00,1.52
2016.07.06 07:01:31.847,1.68308,1.68375,1.50,1.52
2016.07.06 07:01:32.165,1.68311,1.68375,1.00,1.52
2016.07.06 07:01:32.417,1.68307,1.68375,3.00,1.52
2016.07.06 07:01:32.517,1.68314,1.68375,1.00,1.52
2016.07.06 07:01:32.590,1.68307,1.68375,2.25,1.52
2016.07.06 07:01:32.717,1.68311,1.68375,1.00,1.52
2016.07.06 07:01:33.015,1.68307,1.68371,2.25,1.52
2016.07.06 07:01:33.066,1.68303,1.68368,1.20,1.00
2016.07.06 07:01:33.116,1.68307,1.68369,1.00,1.27
2016.07.06 07:01:33.420,1.68311,1.68375,1.52,1.00
2016.07.06 07:01:33.522,1.68316,1.68377,1.00,1.50
2016.07.06 07:01:33.623,1.68316,1.6838,1.65,1.00
2016.07.06 07:01:33.724,1.68317,1.68382,1.65,1.00
2016.07.06 07:01:33.825,1.68319,1.68383,1.52,1.00
2016.07.06 07:01:33.926,1.68319,1.68386,1.65,1.50
2016.07.06 07:01:34.443,1.68319,1.68387,2.40,1.00
2016.07.06 07:01:34.494,1.68319,1.6839,2.40,1.67
2016.07.06 07:01:34.645,1.68324,1.68386,1.00,1.00
2016.07.06 07:01:34.978,1.68325,1.68383,1.50,1.00
2016.07.06 07:01:35.577,1.68343,1.68391,1.00,1.00
2016.07.06 07:01:35.629,1.68338,1.68392,1.50,1.00
2016.07.06 07:01:35.893,1.68338,1.68396,1.50,1.00
2016.07.06 07:01:36.045,1.68341,1.68397,1.00,1.00
2016.07.06 07:01:36.096,1.68341,1.68402,1.00,1.67
2016.07.06 07:01:36.147,1.68344,1.68402,1.00,1.00
2016.07.06 07:01:36.601,1.68341,1.68396,1.52,1.00
2016.07.06 07:01:36.666,1.68337,1.68396,1.52,1.00
2016.07.06 07:01:36.766,1.68333,1.68396,2.02,1.00
2016.07.06 07:01:36.918,1.68333,1.68392,1.52,1.00
2016.07.06 07:01:37.220,1.68332,1.68396,2.02,1.00
2016.07.06 07:01:37.337,1.68332,1.68392,2.02,1.00
2016.07.06 07:01:37.844,1.68335,1.68392,1.00,1.00
2016.07.06 07:01:37.944,1.68337,1.68397,1.12,1.27
2016.07.06 07:01:38.045,1.68338,1.68392,1.00,1.00
2016.07.06 07:01:38.508,1.68332,1.68392,2.62,1.52
2016.07.06 07:01:38.559,1.68337,1.68392,1.50,1.27
2016.07.06 07:01:38.760,1.68338,1.68397,1.50,1.00
2016.07.06 07:01:38.811,1.68338,1.68392,1.50,1.00
2016.07.06 07:01:39.007,1.68338,1.68397,1.50,1.00
2016.07.06 07:01:39.159,1.6834,1.68397,1.00,1.00
2016.07.06 07:01:39.461,1.68342,1.68392,1.00,1.00
2016.07.06 07:01:39.814,1.68338,1.68402,1.37,1.52
2016.07.06 07:01:40.084,1.68338,1.68402,1.87,1.52
2016.07.06 07:01:40.136,1.68341,1.68397,1.00,1.00
2016.07.06 07:01:40.488,1.68338,1.68397,1.34,1.00
2016.07.06 07:01:40.639,1.68338,1.68392,1.34,1.00
2016.07.06 07:01:41.051,1.68338,1.68396,1.84,1.00
2016.07.06 07:01:41.600,1.68338,1.68392,2.59,1.00
2016.07.06 07:01:42.321,1.68333,1.68391,1.37,1.67
2016.07.06 07:01:42.755,1.68333,1.68377,1.00,1.00
2016.07.06 07:01:42.806,1.68318,1.68377,1.50,1.00
2016.07.06 07:01:43.353,1.68322,1.68377,1.00,1.00
2016.07.06 07:01:43.605,1.68321,1.68382,1.00,1.27
2016.07.06 07:01:43.656,1.68326,1.68382,1.84,1.00
2016.07.06 07:01:44.505,1.6833,1.68377,1.34,1.00
2016.07.06 07:01:44.807,1.68322,1.68367,1.50,1.00
2016.07.06 07:01:45.178,1.68318,1.68367,1.00,1.00
2016.07.06 07:01:45.229,1.68328,1.68377,1.00,2.17
2016.07.06 07:01:45.680,1.68333,1.68386,1.00,2.02
2016.07.06 07:01:45.731,1.68333,1.68386,1.00,1.00
2016.07.06 07:01:45.933,1.68333,1.68382,1.00,1.00
2016.07.06 07:01:46.034,1.68328,1.68382,1.00,1.00
2016.07.06 07:01:46.335,1.68324,1.68376,3.75,1.00
2016.07.06 07:01:46.437,1.68324,1.68381,1.50,1.52
2016.07.06 07:01:46.962,1.68324,1.68377,1.00,1.00
2016.07.06 07:01:47.306,1.68319,1.68377,1.00,1.00
2016.07.06 07:01:47.810,1.68321,1.68377,1.00,2.25
2016.07.06 07:01:48.213,1.68316,1.68376,1.52,1.00
2016.07.06 07:01:48.265,1.6832,1.68376,1.00,1.00
2016.07.06 07:01:48.567,1.6832,1.68371,1.50,1.00
2016.07.06 07:01:48.821,1.6832,1.68376,1.52,1.00
2016.07.06 07:01:48.872,1.68319,1.68376,1.00,1.00
2016.07.06 07:01:48.973,1.68318,1.68377,1.00,1.52
2016.07.06 07:01:49.073,1.68318,1.68377,1.00,1.27
2016.07.06 07:01:49.615,1.68316,1.68367,1.00,1.00
2016.07.06 07:01:50.104,1.68314,1.68367,1.00,1.00
2016.07.06 07:01:50.174,1.68328,1.68386,1.27,1.00
2016.07.06 07:01:50.760,1.68326,1.68387,1.52,1.00
2016.07.06 07:01:51.134,1.68329,1.68381,1.27,1.00
2016.07.06 07:01:51.235,1.6833,1.68386,1.00,1.00
2016.07.06 07:01:51.336,1.6833,1.68391,1.00,1.52
2016.07.06 07:01:51.386,1.68333,1.68391,1.00,1.52
2016.07.06 07:01:51.689,1.6833,1.68386,2.02,1.00
2016.07.06 07:01:51.739,1.68332,1.68392,1.65,1.00
2016.07.06 07:01:51.959,1.68334,1.68392,1.00,1.00
2016.07.06 07:01:52.365,1.68335,1.68387,1.12,1.00
2016.07.06 07:01:52.466,1.68335,1.68391,1.50,1.00
2016.07.06 07:01:52.837,1.68333,1.68386,1.00,1.00
2016.07.06 07:01:53.039,1.6833,1.68391,1.65,1.00
2016.07.06 07:01:53.280,1.68334,1.68392,1.00,1.00
2016.07.06 07:01:53.586,1.68332,1.68386,1.90,1.00
2016.07.06 07:01:53.637,1.68332,1.68391,1.27,1.00
2016.07.06 07:01:53.898,1.68331,1.68397,1.90,1.50
2016.07.06 07:01:53.999,1.68342,1.68401,1.37,1.50
2016.07.06 07:01:54.301,1.68349,1.68397,1.00,1.00
2016.07.06 07:01:54.352,1.68349,1.68407,1.00,1.52
2016.07.06 07:01:54.671,1.68371,1.68411,1.00,2.02
2016.07.06 07:01:54.794,1.68358,1.68419,2.02,1.00
2016.07.06 07:01:54.845,1.68357,1.68422,1.90,2.25
2016.07.06 07:01:54.896,1.68354,1.68418,1.00,1.00
2016.07.06 07:01:54.946,1.68353,1.68411,1.50,1.00
2016.07.06 07:01:55.249,1.68356,1.68411,1.00,1.00
2016.07.06 07:01:55.518,1.68343,1.68402,1.67,1.00
2016.07.06 07:01:55.620,1.68341,1.68411,1.00,2.40
2016.07.06 07:01:55.771,1.68339,1.68404,1.00,1.52
2016.07.06 07:01:55.821,1.68337,1.68401,1.00,1.52
2016.07.06 07:01:56.073,1.68342,1.68401,1.00,1.90
2016.07.06 07:01:56.225,1.68337,1.68397,1.00,1.52
2016.07.06 07:01:56.674,1.68336,1.68401,1.00,1.65
2016.07.06 07:01:56.725,1.68336,1.68392,1.00,1.00
2016.07.06 07:01:56.776,1.68332,1.68392,2.92,1.00
2016.07.06 07:01:56.876,1.68332,1.68399,2.17,1.90
2016.07.06 07:01:57.330,1.68336,1.68397,1.00,1.52
2016.07.06 07:01:57.857,1.68336,1.68402,1.00,1.52
2016.07.06 07:01:58.162,1.68334,1.68402,1.12,2.02
2016.07.06 07:01:58.264,1.6834,1.68405,1.00,1.52
2016.07.06 07:01:58.567,1.6834,1.68406,1.52,1.00
2016.07.06 07:01:59.105,1.6834,1.68409,2.40,1.67
2016.07.06 07:01:59.626,1.6834,1.68409,2.02,1.52
2016.07.06 07:02:00.318,1.68342,1.68407,1.65,1.00
2016.07.06 07:02:00.392,1.68342,1.68411,1.52,2.02
2016.07.06 07:02:00.760,1.68342,1.68406,1.52,1.00
2016.07.06 07:02:01.173,1.68347,1.68406,1.00,1.00
2016.07.06 07:02:01.542,1.68342,1.68401,2.62,1.00
2016.07.06 07:02:01.744,1.68342,1.68407,1.00,1.67
2016.07.06 07:02:01.845,1.68342,1.68401,1.00,1.00
2016.07.06 07:02:02.158,1.68342,1.68407,1.50,1.00
2016.07.06 07:02:02.209,1.68343,1.68407,1.52,1.00
2016.07.06 07:02:02.259,1.68343,1.68412,2.02,1.52
2016.07.06 07:02:03.421,1.68344,1.68407,1.52,1.00
2016.07.06 07:02:03.522,1.6834,1.68402,1.00,1.00
2016.07.06 07:02:03.573,1.6834,1.68401,1.00,1.52
2016.07.06 07:02:03.624,1.68333,1.68401,1.37,2.02
2016.07.06 07:02:04.151,1.6833,1.68397,2.02,1.52
2016.07.06 07:02:04.615,1.68334,1.68399,1.00,1.52
2016.07.06 07:02:04.716,1.6833,1.68399,1.27,1.52
2016.07.06 07:02:05.578,1.68332,1.68399,1.00,1.52
2016.07.06 07:02:06.120,1.6833,1.68397,1.52,1.52
2016.07.06 07:02:06.581,1.68328,1.68397,2.77,1.52
2016.07.06 07:02:06.682,1.68329,1.68397,1.00,1.52
2016.07.06 07:02:07.046,1.6833,1.68399,1.52,1.52
2016.07.06 07:02:07.097,1.6833,1.68399,1.00,2.02
2016.07.06 07:02:07.197,1.68328,1.68397,1.00,1.52
2016.07.06 07:02:07.878,1.68326,1.68394,2.02,2.02
2016.07.06 07:02:08.325,1.68323,1.68386,2.02,1.00
2016.07.06 07:02:08.426,1.68321,1.68386,1.00,2.02
2016.07.06 07:02:08.477,1.6832,1.68386,1.50,2.02
2016.07.06 07:02:08.779,1.68325,1.68376,1.00,1.00
2016.07.06 07:02:08.880,1.68328,1.6838,1.00,1.00
2016.07.06 07:02:08.981,1.6833,1.68392,1.00,2.17
2016.07.06 07:02:09.179,1.6833,1.68392,1.00,2.02
2016.07.06 07:02:09.280,1.68333,1.68392,1.52,1.00
2016.07.06 07:02:09.381,1.68333,1.68404,2.02,3.52
2016.07.06 07:02:09.929,1.68339,1.68407,1.27,2.02
2016.07.06 07:02:09.980,1.6834,1.68407,1.00,2.17
2016.07.06 07:02:10.333,1.68347,1.68402,1.00,1.42
2016.07.06 07:02:10.407,1.6834,1.68402,1.00,1.42
2016.07.06 07:02:10.458,1.6834,1.68397,1.00,1.00
2016.07.06 07:02:10.508,1.68335,1.68397,1.65,1.00
2016.07.06 07:02:10.710,1.68333,1.68397,2.02,1.00
2016.07.06 07:02:10.811,1.68343,1.68397,1.00,1.00
2016.07.06 07:02:10.912,1.68336,1.68398,1.00,1.52
2016.07.06 07:02:11.127,1.68336,1.68397,1.52,1.00
2016.07.06 07:02:11.718,1.68339,1.68401,1.00,1.27
2016.07.06 07:02:11.819,1.68349,1.68401,1.00,1.27
2016.07.06 07:02:11.991,1.68344,1.68401,1.50,1.27
2016.07.06 07:02:12.193,1.68341,1.68401,1.00,1.52
2016.07.06 07:02:12.285,1.68338,1.68401,1.42,1.52
2016.07.06 07:02:13.052,1.68337,1.68401,1.52,1.00
2016.07.06 07:02:13.103,1.68337,1.68402,1.42,1.52
2016.07.06 07:02:13.254,1.68337,1.68397,1.42,1.00
2016.07.06 07:02:13.556,1.68337,1.68391,1.50,1.00
2016.07.06 07:02:13.906,1.68334,1.68391,1.52,1.00
2016.07.06 07:02:13.957,1.6833,1.68395,1.27,1.00
2016.07.06 07:02:14.108,1.68326,1.68395,1.52,2.02
2016.07.06 07:02:14.569,1.68329,1.68395,1.00,2.02
2016.07.06 07:02:14.825,1.68327,1.68392,1.00,1.52
2016.07.06 07:02:15.348,1.68332,1.68392,1.00,1.52
2016.07.06 07:02:15.698,1.68344,1.68411,1.00,2.77
2016.07.06 07:02:15.799,1.68346,1.68411,1.00,2.77
2016.07.06 07:02:16.001,1.68343,1.68412,2.92,5.02
2016.07.06 07:02:16.102,1.68347,1.68411,1.52,2.25
2016.07.06 07:02:16.203,1.68347,1.68414,1.52,2.17
2016.07.06 07:02:16.304,1.68345,1.68409,1.00,1.52
2016.07.06 07:02:16.405,1.68342,1.68408,1.67,1.52
2016.07.06 07:02:16.506,1.68342,1.68407,2.77,1.52
2016.07.06 07:02:16.965,1.68345,1.68412,1.37,1.52
2016.07.06 07:02:17.015,1.68346,1.68412,1.90,1.00
2016.07.06 07:02:17.304,1.68347,1.68412,2.40,1.27
2016.07.06 07:02:17.706,1.68346,1.68412,1.67,1.52
2016.07.06 07:02:18.046,1.68346,1.68411,1.52,1.52
2016.07.06 07:02:18.468,1.68345,1.68397,2.36,1.00
2016.07.06 07:02:18.527,1.68345,1.68407,1.27,3.11
2016.07.06 07:02:19.209,1.68347,1.68407,1.00,1.52
2016.07.06 07:02:19.706,1.68344,1.68405,1.52,1.75
2016.07.06 07:02:19.908,1.68344,1.68407,1.52,2.02
2016.07.06 07:02:20.009,1.68344,1.68407,1.67,1.50
2016.07.06 07:02:20.211,1.68346,1.68409,2.02,1.52
2016.07.06 07:02:20.261,1.68346,1.68409,1.52,1.27
2016.07.06 07:02:20.513,1.68344,1.68408,1.65,1.27
2016.07.06 07:02:20.851,1.68346,1.68406,1.27,1.80
2016.07.06 07:02:21.003,1.68344,1.68406,1.52,1.50
2016.07.06 07:02:21.403,1.68347,1.68408,1.52,2.02
2016.07.06 07:02:21.504,1.6835,1.68408,1.52,2.02
2016.07.06 07:02:21.817,1.68346,1.68414,2.17,2.02
2016.07.06 07:02:21.918,1.6835,1.68417,1.52,2.77
2016.07.06 07:02:22.259,1.68359,1.68423,1.52,1.52
2016.07.06 07:02:22.561,1.68363,1.68427,1.52,1.27
2016.07.06 07:02:23.584,1.68362,1.68426,4.80,1.00
2016.07.06 07:02:23.635,1.68362,1.68432,4.80,2.77
2016.07.06 07:02:23.830,1.68363,1.68431,2.02,1.52
2016.07.06 07:02:25.725,1.68363,1.68426,2.17,1.00
2016.07.06 07:02:25.826,1.68363,1.68426,1.52,1.27
2016.07.06 07:02:25.927,1.68362,1.68423,4.27,1.00
2016.07.06 07:02:26.404,1.68359,1.68424,1.52,1.52
2016.07.06 07:02:27.029,1.68362,1.68424,1.52,1.00
2016.07.06 07:02:27.230,1.68362,1.68422,4.65,1.00
2016.07.06 07:02:27.518,1.68359,1.68427,2.02,2.77
2016.07.06 07:02:27.669,1.68366,1.68427,1.00,1.52
2016.07.06 07:02:27.972,1.68366,1.68432,2.40,1.27
2016.07.06 07:02:29.195,1.68366,1.68431,2.77,1.00
2016.07.06 07:02:29.498,1.68366,1.68436,1.52,2.02
2016.07.06 07:02:30.154,1.6837,1.68437,1.52,2.02
2016.07.06 07:02:30.658,1.6837,1.68437,1.52,1.52
2016.07.06 07:02:30.860,1.6837,1.68439,1.67,3.52
2016.07.06 07:02:32.037,1.6837,1.68436,1.67,1.00
2016.07.06 07:02:32.238,1.68375,1.68436,2.02,1.52
2016.07.06 07:02:32.531,1.68371,1.68438,2.17,2.02
2016.07.06 07:02:32.632,1.68376,1.68438,2.25,2.02
2016.07.06 07:02:33.023,1.68372,1.68437,1.00,2.02
2016.07.06 07:02:33.123,1.68368,1.68437,1.52,2.17
2016.07.06 07:02:34.052,1.68366,1.68437,1.52,2.02
2016.07.06 07:02:34.254,1.68366,1.68432,2.02,1.42
2016.07.06 07:02:34.425,1.68366,1.68434,2.02,1.52
2016.07.06 07:02:34.929,1.68366,1.68433,2.17,2.02
2016.07.06 07:02:35.529,1.68366,1.68431,1.52,1.52
2016.07.06 07:02:36.028,1.68358,1.68427,3.67,1.52
2016.07.06 07:02:36.373,1.68358,1.68425,1.52,1.90
2016.07.06 07:02:36.919,1.68358,1.68422,1.52,1.80
2016.07.06 07:02:37.221,1.68359,1.68422,1.00,1.52
2016.07.06 07:02:37.898,1.68362,1.6842,1.00,1.52
2016.07.06 07:02:37.949,1.68367,1.68429,1.00,1.52
2016.07.06 07:02:38.051,1.68363,1.6843,1.67,1.52
2016.07.06 07:02:38.152,1.68367,1.6843,1.27,1.52
2016.07.06 07:02:38.549,1.68362,1.68422,1.52,1.00
2016.07.06 07:02:38.651,1.68357,1.68422,2.02,1.67
2016.07.06 07:02:38.752,1.68355,1.68417,1.52,1.52
2016.07.06 07:02:39.141,1.6835,1.68417,2.77,2.17
2016.07.06 07:02:39.351,1.6835,1.68418,2.40,2.02
2016.07.06 07:02:39.502,1.68364,1.68427,1.00,1.90
2016.07.06 07:02:39.704,1.68381,1.68439,1.27,1.00
2016.07.06 07:02:39.755,1.68378,1.68446,1.80,3.90
2016.07.06 07:02:40.091,1.68377,1.68442,1.52,1.52
2016.07.06 07:02:40.544,1.6838,1.68446,1.52,2.92
2016.07.06 07:02:40.856,1.6838,1.68446,1.52,2.77
2016.07.06 07:02:41.485,1.6838,1.68446,1.65,1.67
2016.07.06 07:02:41.775,1.68385,1.68451,1.52,2.77
2016.07.06 07:02:42.278,1.68386,1.68452,1.05,1.52
2016.07.06 07:02:42.518,1.68385,1.68452,2.02,1.52
2016.07.06 07:02:43.700,1.68394,1.68456,1.00,2.02
2016.07.06 07:02:44.313,1.68393,1.68458,1.00,2.02
2016.07.06 07:02:44.882,1.6839,1.68458,1.52,2.02
2016.07.06 07:02:45.647,1.6839,1.68458,1.67,2.02
2016.07.06 07:02:45.984,1.6839,1.68454,1.00,1.52
2016.07.06 07:02:46.085,1.68388,1.68448,1.12,1.86
2016.07.06 07:02:46.186,1.68384,1.68446,1.00,2.77
2016.07.06 07:02:46.493,1.68377,1.68442,1.42,1.52
2016.07.06 07:02:46.544,1.68377,1.68443,1.05,1.52
2016.07.06 07:02:46.595,1.68376,1.68443,1.27,1.52
2016.07.06 07:02:46.796,1.68375,1.68444,3.67,1.27
2016.07.06 07:02:46.849,1.68375,1.68444,3.52,1.27
2016.07.06 07:02:47.483,1.68378,1.68441,1.42,1.52
2016.07.06 07:02:47.584,1.68377,1.68442,2.02,2.40
2016.07.06 07:02:47.793,1.68377,1.68442,1.42,2.77
2016.07.06 07:02:47.894,1.68372,1.68437,1.27,1.52
2016.07.06 07:02:48.297,1.68368,1.68433,1.27,1.67
2016.07.06 07:02:49.145,1.68367,1.68429,1.20,1.52
2016.07.06 07:02:50.773,1.68366,1.68434,1.52,2.17
2016.07.06 07:02:51.554,1.68372,1.68434,1.00,2.17
2016.07.06 07:02:51.604,1.68374,1.68438,1.52,1.52
2016.07.06 07:02:51.756,1.68379,1.68442,1.00,2.02
2016.07.06 07:02:52.087,1.68383,1.68449,1.52,2.02
2016.07.06 07:02:52.900,1.68383,1.68446,1.37,2.77
2016.07.06 07:02:53.103,1.68381,1.68445,1.52,2.77
2016.07.06 07:02:54.705,1.68383,1.68445,1.27,2.77
2016.07.06 07:02:54.994,1.68383,1.68448,2.55,1.52
2016.07.06 07:02:55.095,1.68383,1.68449,2.02,2.02
2016.07.06 07:02:55.296,1.68383,1.68448,2.17,1.52
2016.07.06 07:02:56.334,1.68382,1.68446,1.00,2.17
2016.07.06 07:02:56.388,1.6838,1.68446,1.27,2.92
2016.07.06 07:02:57.070,1.68383,1.68446,1.00,2.92
2016.07.06 07:02:57.171,1.6838,1.68446,1.65,2.92
2016.07.06 07:02:57.222,1.68383,1.68446,1.00,2.92
2016.07.06 07:02:57.522,1.6838,1.68446,1.65,2.77
2016.07.06 07:02:57.727,1.68383,1.68446,2.77,2.77
2016.07.06 07:02:59.183,1.68381,1.68445,1.27,2.77
2016.07.06 07:02:59.687,1.68384,1.68446,2.25,2.02
2016.07.06 07:03:00.360,1.68384,1.68448,1.50,1.52
2016.07.06 07:03:00.890,1.68384,1.68449,2.25,2.02
2016.07.06 07:03:01.491,1.68384,1.68449,1.37,2.02
2016.07.06 07:03:01.992,1.68384,1.68449,1.00,2.02
2016.07.06 07:03:02.496,1.68379,1.68445,3.15,2.02
2016.07.06 07:03:03.314,1.68384,1.68445,1.12,2.02
2016.07.06 07:03:03.516,1.68386,1.68448,1.20,1.52
2016.07.06 07:03:04.495,1.68388,1.68449,1.50,2.02
2016.07.06 07:03:05.009,1.68386,1.68448,1.27,1.52
2016.07.06 07:03:05.787,1.68387,1.68449,1.00,2.02
2016.07.06 07:03:05.838,1.68387,1.68449,1.37,1.52
2016.07.06 07:03:06.154,1.68387,1.68454,1.12,2.02
2016.07.06 07:03:06.689,1.68388,1.68453,1.12,1.52
2016.07.06 07:03:06.979,1.68389,1.68456,1.05,2.77
2016.07.06 07:03:07.393,1.68393,1.68456,1.20,2.02
2016.07.06 07:03:07.444,1.68393,1.68456,1.57,2.02
2016.07.06 07:03:07.710,1.68393,1.68455,1.27,1.67
2016.07.06 07:03:07.811,1.68392,1.68455,1.95,1.52
2016.07.06 07:03:08.444,1.68391,1.68456,1.90,2.02
2016.07.06 07:03:08.980,1.68392,1.68455,1.20,1.52
2016.07.06 07:03:09.030,1.68391,1.68454,1.37,1.67
2016.07.06 07:03:09.388,1.68386,1.68454,1.20,3.52
2016.07.06 07:03:09.833,1.68384,1.68446,1.52,2.40
2016.07.06 07:03:10.337,1.68383,1.68444,1.52,1.27
2016.07.06 07:03:10.863,1.68381,1.68444,2.02,1.00
2016.07.06 07:03:11.115,1.68379,1.68445,3.15,1.27
2016.07.06 07:03:11.417,1.684,1.68459,1.00,2.02
2016.07.06 07:03:11.519,1.68403,1.68462,1.00,1.90
2016.07.06 07:03:11.940,1.68405,1.68452,1.00,1.00
2016.07.06 07:03:11.991,1.68418,1.68469,1.00,1.00
2016.07.06 07:03:12.092,1.68418,1.68475,1.00,1.67
2016.07.06 07:03:12.143,1.68415,1.68474,1.57,1.12
2016.07.06 07:03:12.193,1.68416,1.68472,1.00,1.00
2016.07.06 07:03:12.345,1.68412,1.68473,1.61,2.02
2016.07.06 07:03:12.546,1.68412,1.6847,3.11,1.50
2016.07.06 07:03:12.964,1.68412,1.68468,1.61,1.00
2016.07.06 07:03:13.735,1.68412,1.68464,1.61,1.00
2016.07.06 07:03:13.836,1.68392,1.68455,3.52,1.37
2016.07.06 07:03:13.995,1.68394,1.68456,1.27,2.02
2016.07.06 07:03:14.096,1.68393,1.68456,1.90,1.75
2016.07.06 07:03:14.402,1.684,1.68462,1.86,1.12
2016.07.06 07:03:14.655,1.684,1.68461,1.86,1.42
2016.07.06 07:03:14.706,1.68401,1.6846,1.15,1.57
2016.07.06 07:03:15.159,1.68401,1.6846,1.15,1.57
2016.07.06 07:03:15.590,1.68401,1.68454,1.15,1.00
2016.07.06 07:03:16.030,1.68394,1.68454,2.77,1.00
2016.07.06 07:03:16.928,1.68394,1.68455,1.52,1.27
2016.07.06 07:03:17.283,1.68392,1.68455,2.40,1.27
2016.07.06 07:03:17.434,1.68389,1.68446,1.27,1.00
2016.07.06 07:03:17.485,1.68389,1.68448,1.20,1.27
2016.07.06 07:03:18.243,1.68389,1.68451,1.52,1.27
2016.07.06 07:03:18.294,1.68389,1.68449,1.52,1.00
2016.07.06 07:03:18.779,1.68386,1.68449,1.52,1.75
2016.07.06 07:03:19.470,1.68389,1.68446,1.52,1.12
2016.07.06 07:03:19.571,1.68389,1.68451,1.90,2.02
2016.07.06 07:03:19.622,1.68392,1.68451,1.67,1.50
2016.07.06 07:03:19.874,1.68393,1.68451,1.76,1.00
2016.07.06 07:03:20.076,1.68393,1.68453,1.76,1.00
2016.07.06 07:03:21.087,1.68393,1.68455,3.64,1.27
2016.07.06 07:03:21.243,1.68394,1.68454,1.05,1.00
2016.07.06 07:03:21.344,1.68393,1.68454,1.99,1.00
2016.07.06 07:03:21.663,1.68398,1.68452,1.20,1.00
2016.07.06 07:03:22.591,1.68394,1.68451,2.02,1.00
2016.07.06 07:03:22.843,1.68393,1.68452,1.76,1.00
2016.07.06 07:03:23.142,1.68394,1.6845,1.27,1.00
2016.07.06 07:03:23.483,1.68394,1.6845,1.27,1.46
2016.07.06 07:03:23.844,1.68392,1.68452,2.77,1.00
2016.07.06 07:03:24.399,1.68393,1.68455,1.52,1.27
2016.07.06 07:03:26.375,1.68394,1.68454,1.27,1.27
2016.07.06 07:03:26.630,1.68392,1.68454,2.92,1.00
2016.07.06 07:03:27.203,1.68392,1.68454,2.77,1.00
2016.07.06 07:03:27.547,1.68392,1.68453,2.02,1.75
2016.07.06 07:03:27.850,1.68389,1.68451,1.52,1.75
2016.07.06 07:03:28.394,1.68392,1.68451,2.77,1.12
2016.07.06 07:03:29.096,1.68392,1.6845,3.11,1.00
2016.07.06 07:03:29.147,1.68392,1.6845,1.84,1.27
2016.07.06 07:03:29.357,1.68391,1.6845,1.00,1.27
2016.07.06 07:03:29.659,1.68363,1.68424,1.37,1.52
2016.07.06 07:03:29.710,1.68358,1.68418,1.75,1.52
2016.07.06 07:03:29.760,1.68354,1.68418,2.25,1.52
2016.07.06 07:03:29.811,1.68354,1.68411,1.87,1.52
2016.07.06 07:03:30.058,1.68354,1.68411,1.37,1.67
2016.07.06 07:03:30.109,1.68349,1.68408,1.50,1.05
2016.07.06 07:03:30.599,1.68358,1.68407,1.00,1.05
2016.07.06 07:03:30.700,1.68353,1.68407,1.00,1.00
2016.07.06 07:03:30.801,1.68354,1.68411,1.00,1.20
2016.07.06 07:03:30.902,1.68359,1.68411,1.00,1.20
2016.07.06 07:03:31.209,1.68364,1.68415,1.00,1.27
2016.07.06 07:03:31.310,1.68358,1.68413,1.00,1.00
2016.07.06 07:03:31.626,1.68368,1.68416,1.00,1.27
2016.07.06 07:03:31.727,1.68363,1.68417,1.00,1.27
2016.07.06 07:03:31.828,1.68358,1.68418,1.00,2.02
2016.07.06 07:03:32.366,1.68358,1.68418,1.00,1.00
2016.07.06 07:03:32.662,1.68359,1.68419,1.00,1.27
2016.07.06 07:03:32.914,1.68355,1.68416,1.00,1.27
2016.07.06 07:03:33.015,1.68353,1.68415,1.00,1.52
2016.07.06 07:03:33.559,1.68352,1.68415,1.65,1.00
2016.07.06 07:03:34.359,1.68352,1.68415,1.52,1.37
2016.07.06 07:03:34.460,1.68352,1.68415,1.52,2.25
2016.07.06 07:03:34.715,1.68349,1.68409,1.27,1.12
2016.07.06 07:03:34.765,1.68349,1.68409,1.27,1.37
2016.07.06 07:03:34.917,1.68348,1.6841,1.00,1.52
2016.07.06 07:03:35.424,1.68348,1.68407,1.00,1.00
2016.07.06 07:03:35.676,1.68348,1.68407,1.00,1.67
2016.07.06 07:03:36.103,1.68348,1.68404,1.00,1.75
2016.07.06 07:03:36.410,1.68353,1.68401,1.00,1.00
2016.07.06 07:03:36.610,1.68348,1.68401,1.00,1.00
2016.07.06 07:03:36.815,1.68344,1.68401,1.50,1.00
2016.07.06 07:03:36.916,1.68344,1.68401,1.00,1.37
2016.07.06 07:03:37.017,1.68338,1.68397,1.50,1.37
2016.07.06 07:03:37.118,1.68339,1.68396,1.00,1.50
2016.07.06 07:03:37.219,1.68335,1.68393,1.00,1.00
2016.07.06 07:03:37.431,1.68339,1.68393,1.00,1.00
2016.07.06 07:03:37.633,1.68334,1.6839,1.00,1.00
2016.07.06 07:03:37.834,1.68338,1.68393,1.00,1.00
2016.07.06 07:03:38.036,1.68343,1.68402,1.00,2.02
2016.07.06 07:03:38.438,1.68343,1.68398,1.00,1.27
2016.07.06 07:03:38.695,1.68344,1.68399,1.00,1.52
2016.07.06 07:03:38.796,1.68352,1.68402,1.00,1.87
2016.07.06 07:03:38.897,1.68363,1.68411,1.00,1.50
2016.07.06 07:03:38.948,1.68358,1.68411,1.00,1.50
2016.07.06 07:03:39.049,1.68356,1.68422,1.12,1.65
2016.07.06 07:03:39.099,1.68356,1.68421,1.00,1.05
2016.07.06 07:03:39.416,1.68359,1.68426,1.50,1.52
2016.07.06 07:03:39.926,1.68365,1.68431,1.37,1.52
2016.07.06 07:03:40.267,1.68368,1.68432,1.00,2.17
2016.07.06 07:03:40.419,1.68369,1.68435,1.50,1.52
2016.07.06 07:03:40.638,1.68369,1.68436,1.12,2.02
2016.07.06 07:03:41.167,1.68369,1.68432,1.00,1.52
2016.07.06 07:03:41.269,1.68366,1.68432,1.12,1.52
2016.07.06 07:03:42.020,1.68366,1.68434,1.37,1.52
2016.07.06 07:03:42.528,1.68368,1.68434,1.00,1.52
2016.07.06 07:03:42.893,1.68368,1.68434,1.00,1.65
2016.07.06 07:03:42.944,1.68366,1.68432,1.00,1.65
2016.07.06 07:03:43.095,1.68363,1.68429,1.00,2.77
2016.07.06 07:03:43.745,1.68362,1.68429,1.00,2.77
2016.07.06 07:03:43.947,1.68364,1.68429,1.00,2.77
2016.07.06 07:03:44.508,1.68368,1.68429,1.00,2.02
2016.07.06 07:03:44.810,1.6837,1.68431,1.00,1.65
2016.07.06 07:03:45.590,1.68371,1.68434,1.00,2.02
2016.07.06 07:03:46.101,1.68372,1.68435,1.00,1.52
2016.07.06 07:03:46.766,1.68372,1.68427,1.00,1.00
2016.07.06 07:03:47.096,1.68358,1.68412,1.00,1.52
2016.07.06 07:03:47.146,1.68353,1.68412,1.00,1.52
2016.07.06 07:03:47.197,1.68353,1.68412,1.00,2.02
2016.07.06 07:03:47.449,1.68349,1.68411,1.00,1.52
2016.07.06 07:03:47.550,1.68353,1.68412,1.00,4.27
2016.07.06 07:03:47.852,1.68356,1.68412,1.50,2.02
2016.07.06 07:03:47.903,1.68356,1.68412,1.00,1.00
2016.07.06 07:03:48.344,1.68363,1.68421,1.00,1.52
2016.07.06 07:03:48.395,1.68363,1.68422,1.37,1.27
2016.07.06 07:03:48.546,1.68361,1.68412,1.00,1.00
2016.07.06 07:03:48.849,1.68358,1.68405,1.00,1.52
2016.07.06 07:03:49.383,1.68358,1.68407,1.00,1.52
2016.07.06 07:03:49.653,1.68353,1.68409,1.00,1.50
2016.07.06 07:03:49.704,1.68353,1.68409,1.00,1.52
2016.07.06 07:03:50.006,1.68368,1.68422,1.00,1.37
2016.07.06 07:03:50.258,1.68369,1.68421,1.00,1.00
2016.07.06 07:03:50.712,1.68368,1.68427,1.00,1.67
2016.07.06 07:03:51.334,1.68371,1.68425,1.50,1.67
2016.07.06 07:03:51.435,1.68371,1.68431,2.02,1.00
2016.07.06 07:03:51.985,1.68372,1.68434,1.00,1.52
2016.07.06 07:03:52.335,1.68374,1.68434,1.00,1.52
2016.07.06 07:03:53.036,1.68373,1.68434,1.50,1.52
2016.07.06 07:03:53.347,1.68365,1.68429,1.00,2.77
2016.07.06 07:03:53.871,1.68364,1.68428,2.77,1.90
2016.07.06 07:03:54.389,1.68364,1.68427,1.00,1.52
2016.07.06 07:03:54.719,1.68355,1.68406,1.00,1.00
2016.07.06 07:03:54.770,1.68349,1.68406,1.52,1.50
2016.07.06 07:03:54.820,1.68349,1.68406,1.00,1.52
2016.07.06 07:03:54.921,1.68349,1.68409,1.00,1.27
2016.07.06 07:03:55.123,1.68349,1.68411,1.52,1.00
2016.07.06 07:03:55.916,1.68348,1.68412,1.52,4.42
2016.07.06 07:03:56.218,1.68342,1.68406,2.02,1.65
2016.07.06 07:03:56.420,1.68341,1.68406,4.27,1.67
2016.07.06 07:03:57.054,1.68341,1.68401,1.52,1.00
2016.07.06 07:03:57.156,1.68348,1.68401,1.00,1.00
2016.07.06 07:03:57.460,1.68358,1.68422,2.02,3.52
2016.07.06 07:03:57.611,1.68358,1.68419,3.52,1.00
2016.07.06 07:03:57.943,1.68359,1.68417,1.52,1.00
2016.07.06 07:03:58.256,1.68353,1.68412,1.52,2.25
2016.07.06 07:03:58.891,1.68353,1.68411,1.52,1.50
2016.07.06 07:03:59.143,1.68357,1.68412,2.02,1.50
2016.07.06 07:03:59.194,1.68359,1.68416,1.00,2.17
2016.07.06 07:03:59.509,1.68358,1.68422,1.52,3.52
2016.07.06 07:03:59.617,1.68354,1.68419,1.65,1.00
2016.07.06 07:04:00.120,1.68354,1.68415,1.52,1.00
2016.07.06 07:04:00.221,1.68354,1.68416,1.52,1.27
2016.07.06 07:04:00.326,1.68351,1.68416,1.27,1.90
2016.07.06 07:04:00.867,1.68343,1.68412,1.65,2.77
2016.07.06 07:04:01.312,1.68347,1.68411,1.67,1.00
2016.07.06 07:04:01.413,1.68354,1.68418,1.52,2.02
2016.07.06 07:04:01.741,1.68359,1.68418,1.00,2.02
2016.07.06 07:04:01.913,1.68355,1.68418,2.02,2.02
2016.07.06 07:04:02.064,1.68358,1.68419,1.00,1.27
2016.07.06 07:04:02.710,1.68357,1.68421,1.00,1.27
2016.07.06 07:04:03.408,1.68353,1.68412,1.52,1.00
2016.07.06 07:04:03.610,1.68346,1.68407,1.52,1.52
2016.07.06 07:04:03.711,1.68345,1.68408,1.00,2.02
2016.07.06 07:04:03.912,1.68343,1.68409,1.25,2.02
2016.07.06 07:04:04.609,1.68345,1.68411,1.50,3.15
2016.07.06 07:04:04.811,1.68347,1.68411,1.67,2.02
2016.07.06 07:04:05.110,1.68347,1.68411,1.00,2.02
2016.07.06 07:04:05.623,1.68346,1.68411,2.40,2.17
2016.07.06 07:04:06.066,1.68347,1.68411,1.90,2.02
2016.07.06 07:04:06.527,1.68353,1.68411,1.52,1.00
2016.07.06 07:04:06.628,1.68353,1.6842,1.90,1.57
2016.07.06 07:04:07.181,1.68358,1.68421,1.00,1.52
2016.07.06 07:04:07.232,1.68358,1.68421,1.52,1.67
2016.07.06 07:04:07.333,1.68358,1.68424,2.02,1.52
2016.07.06 07:04:07.534,1.68361,1.68426,1.67,1.52
2016.07.06 07:04:08.224,1.68362,1.68427,1.27,2.02
2016.07.06 07:04:08.745,1.6836,1.68427,1.90,2.02
2016.07.06 07:04:10.220,1.68364,1.68427,1.27,2.02
2016.07.06 07:04:10.522,1.68361,1.68426,1.50,1.52
2016.07.06 07:04:11.001,1.68364,1.68431,1.50,2.02
2016.07.06 07:04:11.053,1.68365,1.68431,2.02,2.02
2016.07.06 07:04:11.473,1.68368,1.68432,1.00,2.02
2016.07.06 07:04:11.725,1.68362,1.68428,1.50,2.02
2016.07.06 07:04:12.324,1.68362,1.68427,1.00,1.52
2016.07.06 07:04:12.425,1.68368,1.68429,1.00,3.52
2016.07.06 07:04:12.526,1.68371,1.68428,1.00,1.00
2016.07.06 07:04:12.577,1.68371,1.6843,1.00,1.00
2016.07.06 07:04:13.092,1.6837,1.68434,1.20,1.52
2016.07.06 07:04:13.350,1.68367,1.68428,1.00,2.02
2016.07.06 07:04:13.606,1.68364,1.68429,2.25,2.77
2016.07.06 07:04:14.449,1.68365,1.68429,1.00,2.77
2016.07.06 07:04:14.550,1.68367,1.68428,1.00,2.02
2016.07.06 07:04:15.062,1.68367,1.68433,2.02,1.65
2016.07.06 07:04:15.414,1.68369,1.68435,1.87,2.02
2016.07.06 07:04:15.565,1.68371,1.68437,1.90,1.00
2016.07.06 07:04:15.666,1.68373,1.68438,1.27,1.52
2016.07.06 07:04:16.165,1.68371,1.68439,2.02,2.17
2016.07.06 07:04:16.467,1.68371,1.68435,1.00,2.02
2016.07.06 07:04:16.517,1.68369,1.68435,1.00,2.02
2016.07.06 07:04:16.769,1.68369,1.68433,1.00,2.02
2016.07.06 07:04:16.920,1.68364,1.68428,1.00,2.02
2016.07.06 07:04:17.255,1.68363,1.68429,1.27,2.92
2016.07.06 07:04:19.863,1.68361,1.68427,2.77,1.52
2016.07.06 07:04:20.528,1.68364,1.68429,1.00,2.40
2016.07.06 07:04:20.800,1.68361,1.68427,2.02,1.52
2016.07.06 07:04:21.311,1.6836,1.68427,2.02,2.17
2016.07.06 07:04:21.362,1.6836,1.68427,1.50,1.52
2016.07.06 07:04:21.908,1.6836,1.68427,2.77,1.52
2016.07.06 07:04:22.531,1.68363,1.68423,1.00,1.52
2016.07.06 07:04:22.833,1.68358,1.68423,3.00,1.90
2016.07.06 07:04:23.666,1.68358,1.68422,1.00,1.52
2016.07.06 07:04:24.623,1.68358,1.68422,1.27,1.52
2016.07.06 07:04:27.857,1.68364,1.68422,1.00,1.52
2016.07.06 07:04:27.910,1.68358,1.68422,1.27,1.52
2016.07.06 07:04:30.847,1.68356,1.68422,2.17,1.52
2016.07.06 07:04:31.191,1.68366,1.68429,1.00,2.77
2016.07.06 07:04:31.370,1.68363,1.68429,2.77,2.77
2016.07.06 07:04:31.773,1.68363,1.68422,1.00,1.52
2016.07.06 07:04:32.296,1.68364,1.68422,1.50,2.02
2016.07.06 07:04:32.498,1.68362,1.68422,1.50,1.52
2016.07.06 07:04:32.880,1.68357,1.68417,1.27,2.02
2016.07.06 07:04:32.981,1.68359,1.68419,1.00,1.90
2016.07.06 07:04:33.082,1.68352,1.68419,4.65,2.02
2016.07.06 07:04:33.702,1.68353,1.68419,1.50,2.02
2016.07.06 07:04:34.204,1.6835,1.68416,2.02,1.52
2016.07.06 07:04:34.908,1.68353,1.68416,1.00,1.52
2016.07.06 07:04:35.460,1.6835,1.68416,1.52,1.52
2016.07.06 07:04:35.762,1.68357,1.68417,1.00,1.52
2016.07.06 07:04:35.863,1.68355,1.68421,1.12,3.15
2016.07.06 07:04:35.914,1.68353,1.68421,1.27,3.90
2016.07.06 07:04:36.175,1.68355,1.68417,1.00,1.52
2016.07.06 07:04:36.468,1.68353,1.68418,1.00,2.02
2016.07.06 07:04:37.127,1.68352,1.68417,1.00,2.17
2016.07.06 07:04:37.178,1.68352,1.68417,1.52,2.77
2016.07.06 07:04:37.480,1.68353,1.68418,1.00,2.17
2016.07.06 07:04:37.977,1.68352,1.68418,1.00,2.02
2016.07.06 07:04:38.523,1.68351,1.68417,1.50,3.15
2016.07.06 07:04:38.879,1.68349,1.68417,2.02,1.52
2016.07.06 07:04:39.529,1.6835,1.68417,1.27,2.02
2016.07.06 07:04:40.294,1.68351,1.68416,1.00,1.65
2016.07.06 07:04:41.485,1.68353,1.68416,1.00,1.52
2016.07.06 07:04:42.480,1.68351,1.68416,1.00,1.52
2016.07.06 07:04:42.531,1.68356,1.68416,1.00,1.52
2016.07.06 07:04:42.632,1.68355,1.68418,1.67,1.52
2016.07.06 07:04:42.733,1.68354,1.6842,3.52,1.67
2016.07.06 07:04:43.040,1.68358,1.68425,2.77,3.15
2016.07.06 07:04:43.546,1.68361,1.68425,1.00,2.40
2016.07.06 07:04:44.261,1.68364,1.68427,1.00,1.52
2016.07.06 07:04:44.727,1.68364,1.68427,1.52,1.27
2016.07.06 07:04:45.274,1.68369,1.68428,1.50,2.02
2016.07.06 07:04:45.855,1.68368,1.68429,1.27,2.02
2016.07.06 07:04:46.537,1.68365,1.68427,1.00,1.52
2016.07.06 07:04:47.041,1.68361,1.68421,1.52,1.84
2016.07.06 07:04:47.102,1.68359,1.68423,1.12,1.90
2016.07.06 07:04:47.303,1.6835,1.68413,2.02,1.27
2016.07.06 07:04:47.638,1.68349,1.68402,1.37,1.00
2016.07.06 07:04:47.739,1.68341,1.68404,1.90,1.75
2016.07.06 07:04:47.840,1.68342,1.68401,1.52,1.75
2016.07.06 07:04:47.940,1.68342,1.68405,2.02,1.75
2016.07.06 07:04:48.142,1.68342,1.68403,2.17,1.20
2016.07.06 07:04:48.243,1.68342,1.68403,2.02,1.27
2016.07.06 07:04:48.344,1.68344,1.68408,1.00,2.40
2016.07.06 07:04:48.394,1.68347,1.68408,1.00,2.40
2016.07.06 07:04:48.445,1.68343,1.68407,1.65,1.52
2016.07.06 07:04:49.013,1.68344,1.68406,1.00,1.27
2016.07.06 07:04:49.422,1.68344,1.68403,1.00,1.27
2016.07.06 07:04:50.144,1.68344,1.68408,2.77,1.57
2016.07.06 07:04:52.069,1.68348,1.6841,1.20,1.52
2016.07.06 07:04:52.622,1.68346,1.6841,1.27,1.27
2016.07.06 07:04:53.179,1.68344,1.68408,1.90,1.57
2016.07.06 07:04:53.669,1.68347,1.68409,2.77,1.67
2016.07.06 07:04:53.982,1.68347,1.68409,1.65,1.27
2016.07.06 07:04:54.645,1.68348,1.68409,1.12,1.27
2016.07.06 07:04:55.113,1.68347,1.68409,1.50,1.52
2016.07.06 07:04:55.618,1.68346,1.68406,1.00,1.52
2016.07.06 07:04:55.920,1.6834,1.68401,2.77,1.00
2016.07.06 07:04:56.446,1.68342,1.68401,2.02,1.87
2016.07.06 07:04:56.857,1.68341,1.68402,2.02,1.00
2016.07.06 07:04:57.388,1.6834,1.68402,2.77,1.50
2016.07.06 07:04:57.511,1.6834,1.68402,3.75,1.52
2016.07.06 07:04:58.039,1.68341,1.68402,1.00,1.27
2016.07.06 07:04:58.564,1.6834,1.684,2.25,1.67
2016.07.06 07:04:58.814,1.6834,1.68401,1.00,1.27
2016.07.06 07:04:59.954,1.68341,1.68401,1.50,1.27
2016.07.06 07:05:00.472,1.68342,1.68401,1.50,1.52
2016.07.06 07:05:00.522,1.68344,1.68403,1.00,1.52
2016.07.06 07:05:00.724,1.68345,1.68402,1.00,1.52
2016.07.06 07:05:01.004,1.68343,1.68402,1.00,2.02
2016.07.06 07:05:01.528,1.68344,1.68402,1.00,1.27
2016.07.06 07:05:02.223,1.68344,1.68402,1.00,2.02
2016.07.06 07:05:02.275,1.68342,1.68401,1.50,1.52
2016.07.06 07:05:02.553,1.68343,1.68401,1.00,1.67
2016.07.06 07:05:03.097,1.68342,1.68402,4.50,2.02
2016.07.06 07:05:03.930,1.68345,1.68402,1.00,1.65
2016.07.06 07:05:03.981,1.68344,1.68402,2.25,1.52
2016.07.06 07:05:04.556,1.68345,1.68402,1.00,2.02
2016.07.06 07:05:05.171,1.68344,1.68401,1.50,1.52
2016.07.06 07:05:05.751,1.68345,1.68401,1.00,1.52
2016.07.06 07:05:06.277,1.68343,1.68401,1.50,1.65
2016.07.06 07:05:06.543,1.68341,1.68401,1.20,2.02
2016.07.06 07:05:07.453,1.68339,1.684,1.24,1.27
2016.07.06 07:05:07.760,1.68331,1.68392,1.34,1.90
2016.07.06 07:05:07.861,1.68324,1.68385,1.52,1.00
2016.07.06 07:05:08.152,1.68325,1.68387,1.27,1.27
2016.07.06 07:05:08.663,1.68326,1.68386,1.00,1.52
2016.07.06 07:05:09.055,1.68329,1.68386,1.00,1.52
2016.07.06 07:05:09.400,1.68328,1.68387,1.27,1.57
2016.07.06 07:05:10.035,1.68326,1.68387,1.52,1.27
2016.07.06 07:05:10.269,1.68326,1.68385,1.00,1.52
2016.07.06 07:05:10.761,1.68326,1.68375,1.00,1.01
2016.07.06 07:05:10.813,1.68315,1.68375,1.00,1.01
2016.07.06 07:05:10.864,1.68313,1.68371,1.50,1.27
2016.07.06 07:05:10.971,1.68315,1.68372,1.00,1.50
2016.07.06 07:05:11.071,1.68318,1.68374,1.00,1.42
2016.07.06 07:05:11.589,1.68319,1.68374,1.00,1.27
2016.07.06 07:05:12.022,1.68319,1.68374,1.00,1.27
2016.07.06 07:05:12.571,1.6832,1.6838,1.00,1.27
2016.07.06 07:05:12.676,1.6832,1.68382,1.00,1.27
2016.07.06 07:05:13.326,1.68319,1.68379,1.00,1.27
2016.07.06 07:05:13.427,1.68324,1.68379,1.00,1.27
2016.07.06 07:05:13.680,1.68323,1.68383,1.00,1.27
2016.07.06 07:05:13.731,1.68329,1.68387,1.00,1.90
2016.07.06 07:05:13.782,1.68329,1.68387,1.37,1.65
2016.07.06 07:05:13.883,1.68329,1.68387,1.12,1.27
2016.07.06 07:05:14.036,1.68328,1.68388,1.00,1.27
2016.07.06 07:05:14.137,1.68321,1.68387,1.87,1.37
2016.07.06 07:05:14.188,1.68321,1.68385,1.50,1.52
2016.07.06 07:05:14.839,1.68321,1.68384,1.00,1.67
2016.07.06 07:05:15.381,1.68321,1.68384,1.00,1.52
2016.07.06 07:05:16.109,1.68318,1.68383,2.77,1.52
2016.07.06 07:05:16.211,1.68319,1.68381,2.02,1.52
2016.07.06 07:05:16.312,1.68319,1.68381,1.52,1.27
2016.07.06 07:05:16.413,1.68321,1.6838,1.50,1.20
2016.07.06 07:05:16.514,1.68321,1.68384,1.52,1.00
2016.07.06 07:05:16.966,1.68321,1.6838,1.90,1.00
2016.07.06 07:05:17.312,1.68315,1.6837,1.00,1.00
2016.07.06 07:05:17.363,1.68314,1.6837,1.00,1.37
2016.07.06 07:05:17.514,1.68307,1.68362,2.25,1.52
2016.07.06 07:05:17.615,1.68304,1.68362,1.50,1.27
2016.07.06 07:05:17.716,1.68303,1.68366,1.00,1.90
2016.07.06 07:05:17.817,1.68307,1.68366,1.00,2.02
2016.07.06 07:05:18.157,1.68319,1.68366,1.00,1.52
2016.07.06 07:05:18.208,1.68319,1.68371,1.00,1.27
2016.07.06 07:05:18.259,1.68314,1.68371,1.00,1.27
2016.07.06 07:05:18.863,1.68312,1.68371,1.00,1.27
2016.07.06 07:05:19.376,1.68324,1.68373,1.00,1.37
2016.07.06 07:05:19.427,1.68324,1.68377,1.00,2.02
2016.07.06 07:05:19.780,1.68318,1.68376,1.00,1.00
2016.07.06 07:05:19.904,1.68318,1.68378,1.00,1.20
2016.07.06 07:05:20.268,1.68323,1.68379,1.00,1.27
2016.07.06 07:05:20.543,1.6832,1.68379,1.00,1.27
2016.07.06 07:05:20.645,1.68323,1.68377,1.00,1.27
2016.07.06 07:05:20.695,1.68323,1.68378,1.00,1.27
2016.07.06 07:05:21.008,1.68323,1.68373,1.00,1.00
2016.07.06 07:05:21.059,1.68319,1.68373,1.00,1.37
2016.07.06 07:05:21.110,1.68319,1.68375,1.00,1.75
2016.07.06 07:05:21.211,1.68319,1.68372,1.00,1.00
2016.07.06 07:05:21.262,1.68324,1.68372,1.00,1.00
2016.07.06 07:05:21.768,1.68318,1.6837,1.00,1.00
2016.07.06 07:05:21.944,1.68324,1.6837,1.00,1.00
2016.07.06 07:05:22.326,1.68319,1.6837,1.00,1.00
2016.07.06 07:05:22.376,1.68323,1.6837,1.00,1.00
2016.07.06 07:05:22.578,1.68318,1.68371,1.00,1.00
2016.07.06 07:05:23.416,1.68318,1.68374,1.00,1.57
2016.07.06 07:05:23.467,1.68323,1.68374,1.00,1.20
2016.07.06 07:05:23.517,1.68323,1.68378,1.00,1.52
2016.07.06 07:05:24.061,1.68323,1.68378,1.50,1.27
2016.07.06 07:05:24.216,1.68323,1.68379,1.00,1.00
2016.07.06 07:05:24.737,1.68324,1.68379,1.00,1.00
2016.07.06 07:05:24.888,1.68318,1.6838,1.52,1.75
2016.07.06 07:05:24.989,1.68313,1.68377,2.02,1.52
2016.07.06 07:05:25.090,1.68314,1.68375,1.20,1.99
2016.07.06 07:05:25.602,1.68316,1.68373,1.00,1.00
2016.07.06 07:05:25.839,1.68314,1.68372,1.27,1.00
2016.07.06 07:05:26.022,1.68317,1.68374,1.00,1.27
2016.07.06 07:05:26.223,1.68318,1.68377,1.00,2.17
2016.07.06 07:05:26.475,1.68324,1.68376,1.00,1.00
2016.07.06 07:05:26.626,1.68318,1.68376,1.00,1.52
2016.07.06 07:05:26.727,1.68323,1.68374,1.00,1.00
2016.07.06 07:05:26.828,1.68314,1.68377,2.77,1.52
2016.07.06 07:05:26.929,1.68318,1.68377,1.00,1.52
2016.07.06 07:05:27.468,1.68325,1.68376,1.00,1.27
2016.07.06 07:05:27.519,1.68321,1.68376,1.00,1.52
2016.07.06 07:05:27.628,1.68319,1.68382,1.00,2.02
2016.07.06 07:05:27.729,1.68318,1.68377,1.00,1.90
2016.07.06 07:05:27.779,1.68313,1.68373,1.52,1.00
2016.07.06 07:05:27.931,1.68313,1.68376,2.02,3.15
2016.07.06 07:05:27.981,1.68311,1.68376,1.90,3.15
2016.07.06 07:05:28.443,1.68317,1.68376,1.00,2.77
2016.07.06 07:05:28.494,1.68317,1.68376,1.00,1.27
2016.07.06 07:05:28.595,1.68314,1.68376,1.52,1.57
2016.07.06 07:05:28.646,1.68315,1.68376,1.20,1.57
2016.07.06 07:05:29.194,1.68313,1.68376,2.40,1.27
2016.07.06 07:05:29.402,1.68319,1.68376,1.00,1.52
2016.07.06 07:05:29.662,1.68317,1.68376,1.00,1.52
2016.07.06 07:05:30.362,1.68316,1.68374,1.27,1.00
2016.07.06 07:05:30.897,1.68315,1.68376,1.27,1.95
2016.07.06 07:05:30.998,1.68313,1.68376,2.02,2.02
2016.07.06 07:05:31.590,1.68314,1.68373,1.52,1.00
2016.07.06 07:05:31.861,1.68314,1.68376,1.52,1.27
2016.07.06 07:05:32.300,1.68317,1.68376,1.00,1.52
2016.07.06 07:05:32.802,1.68319,1.68375,1.00,1.00
2016.07.06 07:05:32.904,1.68317,1.68376,1.12,1.27
2016.07.06 07:05:33.206,1.68317,1.68378,1.00,1.65
2016.07.06 07:05:33.357,1.68314,1.68376,1.00,1.27
2016.07.06 07:05:33.408,1.68316,1.68375,1.00,1.05
2016.07.06 07:05:33.509,1.68313,1.68371,1.00,1.27
2016.07.06 07:05:33.727,1.6831,1.68364,1.50,1.00
2016.07.06 07:05:34.017,1.68308,1.68363,1.00,1.00
2016.07.06 07:05:34.420,1.68307,1.68362,1.50,1.52
2016.07.06 07:05:34.471,1.68302,1.68362,1.00,1.52
2016.07.06 07:05:34.906,1.68308,1.68364,3.52,1.00
2016.07.06 07:05:34.956,1.68308,1.68366,3.75,1.27
2016.07.06 07:05:35.521,1.68308,1.68366,2.25,1.57
2016.07.06 07:05:35.822,1.68312,1.68367,1.00,1.27
2016.07.06 07:05:36.323,1.68311,1.68366,1.00,1.20
2016.07.06 07:05:36.910,1.68309,1.68367,1.00,1.20
2016.07.06 07:05:37.254,1.68303,1.68364,2.77,1.00
2016.07.06 07:05:37.761,1.68304,1.68366,1.52,1.75
2016.07.06 07:05:38.287,1.68304,1.68364,1.65,1.75
2016.07.06 07:05:38.915,1.68308,1.68364,1.52,1.75
2016.07.06 07:05:39.440,1.68304,1.68365,2.02,1.75
2016.07.06 07:05:39.796,1.68301,1.68365,1.52,1.75
2016.07.06 07:05:39.847,1.68301,1.68356,1.00,1.20
2016.07.06 07:05:39.948,1.68302,1.68359,1.00,1.27
2016.07.06 07:05:39.999,1.68291,1.68353,1.90,1.52
2016.07.06 07:05:40.150,1.68294,1.68352,1.12,1.12
2016.07.06 07:05:40.301,1.68297,1.68355,1.05,1.27
2016.07.06 07:05:40.352,1.68298,1.6836,1.52,1.90
2016.07.06 07:05:40.402,1.68298,1.6836,1.65,2.02
2016.07.06 07:05:40.923,1.68298,1.68361,1.52,1.75
2016.07.06 07:05:41.432,1.68299,1.68359,2.02,1.75
2016.07.06 07:05:41.584,1.68301,1.68358,1.00,1.00
2016.07.06 07:05:42.082,1.68302,1.6836,1.37,1.00
2016.07.06 07:05:42.284,1.68301,1.6836,1.80,1.00
2016.07.06 07:05:42.335,1.68301,1.6836,2.02,1.37
2016.07.06 07:05:42.944,1.68301,1.68363,2.02,3.67
2016.07.06 07:05:43.304,1.68303,1.6836,1.27,1.00
2016.07.06 07:05:43.506,1.68302,1.68362,1.65,1.27
2016.07.06 07:05:43.556,1.68302,1.68361,1.90,1.37
2016.07.06 07:05:43.808,1.68304,1.68362,3.37,1.57
2016.07.06 07:05:44.080,1.68304,1.68359,2.40,1.00
2016.07.06 07:05:44.638,1.68308,1.68359,1.00,1.00
2016.07.06 07:05:44.904,1.68312,1.68371,1.20,1.27
2016.07.06 07:05:45.276,1.68312,1.68371,1.65,2.02
2016.07.06 07:05:45.772,1.68309,1.68368,1.90,1.75
2016.07.06 07:05:46.011,1.68312,1.6837,1.20,1.00
2016.07.06 07:05:46.550,1.68309,1.68369,2.77,1.00
2016.07.06 07:05:46.651,1.68309,1.68369,2.77,1.50
2016.07.06 07:05:47.636,1.68312,1.68366,1.20,1.00
2016.07.06 07:05:47.938,1.68319,1.68371,1.90,1.00
2016.07.06 07:05:47.989,1.68329,1.6838,1.52,1.00
2016.07.06 07:05:48.090,1.68329,1.68384,1.00,1.00
2016.07.06 07:05:48.190,1.68326,1.68384,1.57,1.27
2016.07.06 07:05:48.241,1.68324,1.68382,1.90,1.00
2016.07.06 07:05:48.644,1.68323,1.6838,1.52,1.12
2016.07.06 07:05:49.081,1.68323,1.68385,1.65,1.27
2016.07.06 07:05:49.390,1.6832,1.6838,1.27,1.00
2016.07.06 07:05:50.114,1.68326,1.68385,1.00,2.02
2016.07.06 07:05:50.278,1.68328,1.68385,1.00,1.27
2016.07.06 07:05:50.379,1.68323,1.68385,2.77,1.27
2016.07.06 07:05:50.585,1.68322,1.68382,1.00,1.52
2016.07.06 07:05:50.787,1.68312,1.68373,2.02,1.00
2016.07.06 07:05:50.888,1.68311,1.68373,1.27,1.57
2016.07.06 07:05:51.194,1.6831,1.68373,1.27,2.02
2016.07.06 07:05:51.497,1.68315,1.6837,1.00,1.27
2016.07.06 07:05:51.649,1.68313,1.6837,1.00,1.00
2016.07.06 07:05:51.851,1.68311,1.68369,1.00,1.20
2016.07.06 07:05:52.053,1.68315,1.68369,1.00,1.00
2016.07.06 07:05:52.355,1.68311,1.6837,2.02,1.27
2016.07.06 07:05:52.456,1.68314,1.6837,1.00,1.27
2016.07.06 07:05:52.557,1.68312,1.68369,1.27,1.20
2016.07.06 07:05:52.658,1.68315,1.68369,1.00,1.00
2016.07.06 07:05:53.024,1.68309,1.68369,1.05,1.57
2016.07.06 07:05:53.277,1.68308,1.6837,1.52,1.27
2016.07.06 07:05:54.107,1.68315,1.68371,1.00,1.52
2016.07.06 07:05:54.158,1.68309,1.68371,1.52,1.52
2016.07.06 07:05:54.259,1.68314,1.68369,1.00,1.00
2016.07.06 07:05:54.465,1.68309,1.68369,1.42,1.57
2016.07.06 07:05:54.667,1.68308,1.68369,1.00,1.52
2016.07.06 07:05:55.444,1.68308,1.68367,1.37,1.27
2016.07.06 07:05:55.504,1.68311,1.68374,1.27,2.02
2016.07.06 07:05:55.655,1.6831,1.68374,1.80,2.77
2016.07.06 07:05:55.756,1.68314,1.68374,1.00,2.02
2016.07.06 07:05:55.970,1.6831,1.68373,2.02,1.00
2016.07.06 07:05:56.222,1.6831,1.68375,1.52,1.27
2016.07.06 07:05:56.373,1.6831,1.68368,1.27,1.57
2016.07.06 07:05:56.658,1.68305,1.68364,1.50,1.65
2016.07.06 07:05:56.960,1.68307,1.68363,1.00,2.02
2016.07.06 07:05:57.212,1.68304,1.68364,1.27,1.20
2016.07.06 07:05:57.363,1.68309,1.68365,1.52,1.00
2016.07.06 07:05:57.515,1.68309,1.68368,1.52,1.00
2016.07.06 07:05:57.983,1.68308,1.68367,1.50,1.90
2016.07.06 07:05:58.034,1.68301,1.68362,1.37,1.27
2016.07.06 07:05:58.136,1.683,1.68361,1.00,2.77
2016.07.06 07:05:58.187,1.68304,1.68361,1.00,2.77
2016.07.06 07:05:58.338,1.68307,1.68367,1.00,2.02
2016.07.06 07:05:58.843,1.68308,1.68371,1.00,2.40
2016.07.06 07:05:59.660,1.68309,1.6837,1.00,1.52
2016.07.06 07:05:59.962,1.68309,1.6837,1.00,1.67
2016.07.06 07:06:00.359,1.6831,1.6837,1.00,1.52
2016.07.06 07:06:00.510,1.68312,1.6837,1.00,1.90
2016.07.06 07:06:00.908,1.6831,1.6837,1.50,2.02
2016.07.06 07:06:00.959,1.68312,1.6837,1.00,2.02
2016.07.06 07:06:01.113,1.6831,1.6837,1.50,2.02
2016.07.06 07:06:01.163,1.68312,1.6837,1.00,2.02
2016.07.06 07:06:01.264,1.6831,1.6837,2.25,2.17
2016.07.06 07:06:01.946,1.6831,1.6837,1.12,1.65
2016.07.06 07:06:01.997,1.68316,1.68372,1.00,1.27
2016.07.06 07:06:02.097,1.68318,1.68378,1.00,1.90
2016.07.06 07:06:02.148,1.68318,1.68378,1.00,2.77
2016.07.06 07:06:02.199,1.68316,1.68378,1.50,2.02
2016.07.06 07:06:02.501,1.68314,1.68374,1.00,1.52
2016.07.06 07:06:02.602,1.68318,1.68375,1.00,1.27
2016.07.06 07:06:03.068,1.68314,1.68372,2.25,1.27
2016.07.06 07:06:03.270,1.68316,1.68377,1.00,2.77
2016.07.06 07:06:03.371,1.68314,1.68375,1.00,1.27
2016.07.06 07:06:03.773,1.6831,1.68372,1.00,1.20
2016.07.06 07:06:03.874,1.68312,1.68372,1.00,1.65
2016.07.06 07:06:04.180,1.68309,1.68372,1.84,1.65
2016.07.06 07:06:04.483,1.68314,1.6837,1.00,1.05
2016.07.06 07:06:04.786,1.68318,1.6837,1.00,1.20
2016.07.06 07:06:05.308,1.68316,1.68372,1.00,1.52
2016.07.06 07:06:05.409,1.68317,1.68374,1.00,1.05
2016.07.06 07:06:05.612,1.68313,1.68373,1.00,1.05
2016.07.06 07:06:05.813,1.68312,1.68375,1.50,1.27
2016.07.06 07:06:06.263,1.68313,1.68378,1.00,1.52
2016.07.06 07:06:06.415,1.68315,1.68378,1.00,1.27
2016.07.06 07:06:06.617,1.68313,1.68373,1.00,1.20
2016.07.06 07:06:07.115,1.68313,1.68374,1.00,1.52
2016.07.06 07:06:08.086,1.68312,1.68371,1.00,1.52
2016.07.06 07:06:08.393,1.68318,1.68371,1.00,1.52
2016.07.06 07:06:08.494,1.68313,1.6837,1.00,1.27
2016.07.06 07:06:09.192,1.68312,1.68375,1.50,2.02
2016.07.06 07:06:09.309,1.68313,1.68375,1.00,2.17
2016.07.06 07:06:09.812,1.68314,1.68375,1.00,2.17
2016.07.06 07:06:09.913,1.68312,1.68375,2.02,1.67
2016.07.06 07:06:10.014,1.68314,1.68375,1.00,1.67
2016.07.06 07:06:10.336,1.68308,1.68375,3.90,1.27
2016.07.06 07:06:10.387,1.68317,1.68375,1.00,1.27
2016.07.06 07:06:10.588,1.6832,1.68382,1.00,1.27
2016.07.06 07:06:10.689,1.68318,1.68382,1.00,1.67
2016.07.06 07:06:10.790,1.68318,1.68379,1.00,1.27
2016.07.06 07:06:10.900,1.68319,1.68378,1.00,1.05
2016.07.06 07:06:11.385,1.68315,1.68378,1.00,1.90
2016.07.06 07:06:11.437,1.68314,1.68378,1.00,2.02
2016.07.06 07:06:11.754,1.68313,1.68368,1.20,1.12
2016.07.06 07:06:11.804,1.68308,1.68369,1.87,1.27
2016.07.06 07:06:12.006,1.68304,1.68369,2.40,1.27
2016.07.06 07:06:12.845,1.68309,1.68365,1.00,1.52
2016.07.06 07:06:13.893,1.68308,1.68365,1.00,1.52
2016.07.06 07:06:14.497,1.68308,1.68366,1.00,1.27
2016.07.06 07:06:15.012,1.68308,1.68368,1.50,1.67
2016.07.06 07:06:15.113,1.68308,1.68368,1.87,1.52
2016.07.06 07:06:15.648,1.68324,1.68375,1.00,1.90
2016.07.06 07:06:15.699,1.68324,1.68381,1.00,1.95
2016.07.06 07:06:15.901,1.68324,1.6838,1.00,1.50
2016.07.06 07:06:16.515,1.68324,1.6838,1.00,1.00
2016.07.06 07:06:17.035,1.6832,1.68381,1.52,1.67
2016.07.06 07:06:17.136,1.6832,1.68379,1.00,1.52
2016.07.06 07:06:17.187,1.68318,1.68378,1.27,1.20
2016.07.06 07:06:17.237,1.68315,1.68379,1.00,1.90
2016.07.06 07:06:17.288,1.68312,1.68374,1.00,1.52
2016.07.06 07:06:17.540,1.68309,1.68369,2.02,1.20
2016.07.06 07:06:18.201,1.68308,1.68368,1.65,1.00
2016.07.06 07:06:18.752,1.68308,1.68369,1.52,1.27
2016.07.06 07:06:19.022,1.68307,1.68367,1.00,1.52
2016.07.06 07:06:19.224,1.68304,1.68368,3.52,1.52
2016.07.06 07:06:19.952,1.6831,1.68373,1.52,1.27
2016.07.06 07:06:20.005,1.68313,1.68373,1.27,1.20
2016.07.06 07:06:20.559,1.68315,1.68375,1.50,1.27
2016.07.06 07:06:20.861,1.68318,1.68379,1.52,1.27
2016.07.06 07:06:20.913,1.68324,1.68379,1.00,1.27
2016.07.06 07:06:21.212,1.68321,1.68383,1.52,1.27
2016.07.06 07:06:21.264,1.68326,1.68382,1.00,1.52
2016.07.06 07:06:21.369,1.68324,1.68383,1.50,1.52
2016.07.06 07:06:21.420,1.68322,1.68383,1.20,1.52
2016.07.06 07:06:21.471,1.68322,1.68376,1.20,1.00
2016.07.06 07:06:21.723,1.68309,1.68366,1.00,1.52
2016.07.06 07:06:21.874,1.6831,1.68368,1.00,1.27
2016.07.06 07:06:22.403,1.68311,1.68368,1.00,1.27
2016.07.06 07:06:22.453,1.68313,1.68369,1.00,1.27
2016.07.06 07:06:22.872,1.68313,1.68369,1.00,1.20
2016.07.06 07:06:22.923,1.68316,1.6837,1.00,1.52
2016.07.06 07:06:22.974,1.68314,1.6837,1.00,1.27
2016.07.06 07:06:23.276,1.68311,1.68372,2.02,1.75
2016.07.06 07:06:23.327,1.68311,1.68372,2.02,1.37
2016.07.06 07:06:23.428,1.68308,1.68371,2.77,1.05
2016.07.06 07:06:23.681,1.68309,1.68367,1.20,1.05
2016.07.06 07:06:23.748,1.68314,1.6837,1.00,2.02
2016.07.06 07:06:23.849,1.68308,1.6837,1.65,1.27
2016.07.06 07:06:23.950,1.68314,1.68369,1.00,1.00
2016.07.06 07:06:24.352,1.68313,1.68372,1.00,1.67
2016.07.06 07:06:24.655,1.68317,1.6837,1.00,1.27
2016.07.06 07:06:24.755,1.68314,1.68371,1.50,1.52
2016.07.06 07:06:25.088,1.68309,1.68369,2.02,1.20
2016.07.06 07:06:25.197,1.68309,1.6837,3.15,1.67
2016.07.06 07:06:25.517,1.68318,1.6837,1.00,1.20
2016.07.06 07:06:25.629,1.68314,1.68371,1.00,1.52
2016.07.06 07:06:26.042,1.68309,1.68371,1.90,1.52
2016.07.06 07:06:26.194,1.68314,1.6837,1.00,1.20
2016.07.06 07:06:26.559,1.68311,1.68373,1.20,1.27
2016.07.06 07:06:26.763,1.68314,1.68371,1.12,1.52
2016.07.06 07:06:27.065,1.68319,1.6837,1.00,1.52
2016.07.06 07:06:27.216,1.68313,1.68373,1.12,1.27
2016.07.06 07:06:27.267,1.68315,1.68373,1.00,1.27
2016.07.06 07:06:27.468,1.68312,1.68371,2.02,1.52
2016.07.06 07:06:27.978,1.68311,1.6837,1.20,2.02
2016.07.06 07:06:28.029,1.68311,1.6837,1.57,1.27
2016.07.06 07:06:31.581,1.68311,1.6837,1.27,1.27
2016.07.06 07:06:32.198,1.68308,1.68371,2.02,1.27
2016.07.06 07:06:32.684,1.68307,1.6837,2.02,2.02
2016.07.06 07:06:33.839,1.68307,1.6837,2.77,1.57
2016.07.06 07:06:33.889,1.68307,1.6837,2.77,1.27
2016.07.06 07:06:35.793,1.68314,1.68365,1.00,1.20
2016.07.06 07:06:35.944,1.68318,1.68377,1.27,1.50
2016.07.06 07:06:35.995,1.68318,1.68379,1.27,1.20
2016.07.06 07:06:36.525,1.68318,1.68378,1.65,1.00
2016.07.06 07:06:37.049,1.68319,1.68377,1.52,1.00
2016.07.06 07:06:37.172,1.68323,1.68377,1.00,1.00
2016.07.06 07:06:37.477,1.68318,1.68377,1.52,1.00
2016.07.06 07:06:37.628,1.68324,1.68377,1.00,1.00
2016.07.06 07:06:37.729,1.68319,1.68377,1.52,1.00
2016.07.06 07:06:39.707,1.68315,1.68377,2.02,1.67
2016.07.06 07:06:39.758,1.68314,1.68376,1.90,1.05
2016.07.06 07:06:40.281,1.68313,1.68374,1.52,1.27
2016.07.06 07:06:40.784,1.68313,1.68372,1.52,1.00
2016.07.06 07:06:41.393,1.68313,1.68371,1.52,1.00
2016.07.06 07:06:41.696,1.6832,1.68381,2.02,1.00
2016.07.06 07:06:42.236,1.68324,1.68384,4.27,1.52
2016.07.06 07:06:42.897,1.68325,1.68383,1.50,1.20
2016.07.06 07:06:43.429,1.6833,1.68385,1.50,1.27
2016.07.06 07:06:44.339,1.6833,1.68382,1.50,1.00
2016.07.06 07:06:44.641,1.68319,1.68379,1.52,1.75
2016.07.06 07:06:44.744,1.68325,1.68378,1.00,1.27
2016.07.06 07:06:44.895,1.68326,1.68385,1.50,2.02
2016.07.06 07:06:44.947,1.68329,1.68385,1.00,1.52
2016.07.06 07:06:44.997,1.68329,1.68385,2.25,1.52
2016.07.06 07:06:46.651,1.6833,1.68387,1.00,1.52
2016.07.06 07:06:47.303,1.68329,1.68384,1.00,1.52
2016.07.06 07:06:47.454,1.68326,1.68384,1.87,2.40
2016.07.06 07:06:47.505,1.68324,1.68381,2.36,1.12
2016.07.06 07:06:47.846,1.68324,1.68379,1.09,1.80
2016.07.06 07:06:48.179,1.68321,1.6838,1.00,2.92
2016.07.06 07:06:48.708,1.68321,1.68377,1.52,1.50
2016.07.06 07:06:49.096,1.68329,1.68386,1.24,1.12
2016.07.06 07:06:49.247,1.6833,1.68392,1.00,2.02
2016.07.06 07:06:49.300,1.68334,1.68388,1.00,1.27
2016.07.06 07:06:49.350,1.68335,1.6839,1.00,1.27
2016.07.06 07:06:49.405,1.68343,1.68396,1.00,1.52
2016.07.06 07:06:49.473,1.68344,1.68396,1.00,1.00
2016.07.06 07:06:49.574,1.68346,1.68401,1.00,1.52
2016.07.06 07:06:49.625,1.68346,1.68401,1.00,1.00
2016.07.06 07:06:49.726,1.68344,1.68407,1.37,1.37
2016.07.06 07:06:50.244,1.68347,1.68407,1.00,1.27
2016.07.06 07:06:50.352,1.68347,1.68405,1.00,1.00
2016.07.06 07:06:50.654,1.68332,1.6839,1.00,1.27
2016.07.06 07:06:51.121,1.68331,1.68383,1.00,1.00
2016.07.06 07:06:51.172,1.68328,1.68381,1.00,1.00
2016.07.06 07:06:51.223,1.68325,1.68377,1.00,1.00
2016.07.06 07:06:51.324,1.68317,1.6837,1.50,1.00
2016.07.06 07:06:51.374,1.68317,1.6837,1.50,1.37
2016.07.06 07:06:51.425,1.68313,1.68367,1.00,1.00
2016.07.06 07:06:51.476,1.68309,1.6837,1.00,1.27
2016.07.06 07:06:51.627,1.68298,1.68362,3.37,1.52
2016.07.06 07:06:51.678,1.68298,1.68357,1.37,1.65
2016.07.06 07:06:51.728,1.68296,1.68356,1.00,1.42
2016.07.06 07:06:51.779,1.68303,1.68356,1.00,1.05
2016.07.06 07:06:52.027,1.68309,1.68371,1.00,2.25
2016.07.06 07:06:52.179,1.68313,1.68372,1.00,1.50
2016.07.06 07:06:52.229,1.68313,1.68372,1.00,1.00
2016.07.06 07:06:52.330,1.68313,1.68378,1.00,1.75
2016.07.06 07:06:52.720,1.68314,1.68377,1.00,1.52
2016.07.06 07:06:53.013,1.68318,1.68375,1.00,1.00
2016.07.06 07:06:53.114,1.68314,1.68377,1.50,1.52
2016.07.06 07:06:53.365,1.68314,1.68371,1.50,1.12
2016.07.06 07:06:53.416,1.68304,1.68368,1.00,1.52
2016.07.06 07:06:53.517,1.68298,1.68364,1.37,1.12
2016.07.06 07:06:53.618,1.68299,1.68354,1.00,1.57
2016.07.06 07:06:53.669,1.68303,1.68354,1.00,1.57
2016.07.06 07:06:53.720,1.68303,1.6836,1.00,1.52
2016.07.06 07:06:53.771,1.68309,1.6836,1.00,1.52
2016.07.06 07:06:53.821,1.68316,1.68369,1.00,1.27
2016.07.06 07:06:53.922,1.68321,1.68375,1.00,1.00
2016.07.06 07:06:54.122,1.68326,1.68375,1.50,1.00
2016.07.06 07:06:54.178,1.68328,1.6839,1.00,1.27
2016.07.06 07:06:54.229,1.68328,1.68389,2.92,1.12
2016.07.06 07:06:54.280,1.68332,1.68389,1.00,1.12
2016.07.06 07:06:54.330,1.68332,1.68394,1.00,1.00
2016.07.06 07:06:54.431,1.68329,1.68394,1.00,1.90
2016.07.06 07:06:54.734,1.68333,1.684,1.52,1.75
2016.07.06 07:06:55.053,1.68337,1.68401,1.50,1.27
2016.07.06 07:06:55.320,1.68337,1.68399,1.50,1.42
2016.07.06 07:06:55.622,1.68341,1.68404,1.00,1.52
2016.07.06 07:06:55.824,1.68343,1.6841,1.12,1.27
2016.07.06 07:06:55.925,1.6834,1.68407,2.25,1.52
2016.07.06 07:06:56.220,1.68337,1.684,1.00,1.27
2016.07.06 07:06:56.271,1.68333,1.684,3.00,1.27
2016.07.06 07:06:56.631,1.68336,1.68399,1.90,1.00
2016.07.06 07:06:56.732,1.6834,1.68402,1.57,1.00
2016.07.06 07:06:56.833,1.68339,1.68406,2.40,1.52
2016.07.06 07:06:57.403,1.68351,1.68416,1.50,1.90
2016.07.06 07:06:57.466,1.68351,1.68416,2.25,1.52
2016.07.06 07:06:57.734,1.68349,1.68416,1.12,2.77
2016.07.06 07:06:57.885,1.68351,1.68416,1.00,2.02
2016.07.06 07:06:58.620,1.68351,1.68416,1.00,1.52
2016.07.06 07:06:59.048,1.68347,1.68409,1.12,1.42
2016.07.06 07:06:59.369,1.68339,1.68404,1.00,1.27
2016.07.06 07:06:59.779,1.68341,1.68407,2.25,2.02
2016.07.06 07:06:59.830,1.68341,1.68402,1.50,1.00
2016.07.06 07:06:59.880,1.68341,1.68407,1.50,2.02
2016.07.06 07:06:59.931,1.68339,1.68405,1.27,2.02
2016.07.06 07:06:59.982,1.68339,1.68402,1.27,1.00
2016.07.06 07:07:00.298,1.68341,1.68402,1.00,1.52
2016.07.06 07:07:00.376,1.68338,1.68405,1.00,1.27
2016.07.06 07:07:00.779,1.68338,1.68393,1.27,1.00
2016.07.06 07:07:01.065,1.68339,1.68398,1.52,1.00
2016.07.06 07:07:01.166,1.6834,1.68401,1.65,1.25
2016.07.06 07:07:01.468,1.68339,1.68405,1.27,1.86
2016.07.06 07:07:01.519,1.68344,1.68405,1.00,1.52
2016.07.06 07:07:01.821,1.68345,1.68409,3.00,1.57
2016.07.06 07:07:01.874,1.68345,1.68409,2.25,1.57
2016.07.06 07:07:02.185,1.68345,1.68402,1.00,1.00
2016.07.06 07:07:02.336,1.68343,1.68407,2.25,2.02
2016.07.06 07:07:02.557,1.68343,1.68406,2.77,1.50
2016.07.06 07:07:02.658,1.68343,1.68406,1.50,1.99
2016.07.06 07:07:02.860,1.68336,1.68395,1.00,1.00
2016.07.06 07:07:02.960,1.6833,1.68396,1.50,1.90
2016.07.06 07:07:03.061,1.68332,1.68394,1.00,1.27
2016.07.06 07:07:03.400,1.68331,1.68387,1.00,1.90
2016.07.06 07:07:03.451,1.68323,1.68386,1.00,1.27
2016.07.06 07:07:03.862,1.68323,1.68386,1.50,2.02
2016.07.06 07:07:04.653,1.68327,1.68389,1.52,1.37
2016.07.06 07:07:04.771,1.68331,1.68389,1.27,1.00
2016.07.06 07:07:04.872,1.68329,1.68395,1.52,2.77
2016.07.06 07:07:05.766,1.68331,1.68396,1.00,1.80
2016.07.06 07:07:06.288,1.68329,1.68391,1.00,1.90
2016.07.06 07:07:06.885,1.6833,1.68387,1.00,1.00
2016.07.06 07:07:07.547,1.68325,1.68386,1.50,1.42
2016.07.06 07:07:08.089,1.68327,1.68386,1.00,1.52
2016.07.06 07:07:08.430,1.68325,1.68387,1.00,1.65
2016.07.06 07:07:08.682,1.68325,1.68387,1.00,2.17
2016.07.06 07:07:09.402,1.68326,1.68386,1.00,1.67
2016.07.06 07:07:09.875,1.68325,1.68387,1.00,2.36
2016.07.06 07:07:10.177,1.68307,1.68372,1.00,1.52
2016.07.06 07:07:10.278,1.68305,1.68368,1.00,1.52
2016.07.06 07:07:10.676,1.68308,1.68369,1.00,1.00
2016.07.06 07:07:11.161,1.68308,1.68369,2.25,1.27
2016.07.06 07:07:11.844,1.6831,1.68376,1.87,1.27
2016.07.06 07:07:11.895,1.6831,1.68375,1.52,1.52
2016.07.06 07:07:12.484,1.68317,1.68378,1.00,1.37
2016.07.06 07:07:12.961,1.68327,1.68384,1.00,1.65
2016.07.06 07:07:13.012,1.68324,1.68384,1.00,2.02
2016.07.06 07:07:13.114,1.68324,1.68384,1.00,2.02
2016.07.06 07:07:13.620,1.68323,1.68384,1.00,1.52
2016.07.06 07:07:13.772,1.68319,1.68384,1.52,2.02
2016.07.06 07:07:14.325,1.6832,1.68384,1.52,1.57
2016.07.06 07:07:14.876,1.68319,1.68382,2.77,1.00
2016.07.06 07:07:15.128,1.68324,1.68382,1.00,1.00
2016.07.06 07:07:15.814,1.68328,1.68382,1.00,1.00
2016.07.06 07:07:15.967,1.68324,1.68382,1.00,1.00
2016.07.06 07:07:16.419,1.68318,1.68382,2.02,1.00
2016.07.06 07:07:16.570,1.68318,1.68382,1.50,1.52
2016.07.06 07:07:16.721,1.68324,1.68382,1.00,1.52
2016.07.06 07:07:17.346,1.68324,1.68382,1.00,1.27
2016.07.06 07:07:17.820,1.68319,1.68382,1.00,1.27
2016.07.06 07:07:18.035,1.68323,1.68382,1.00,1.27
2016.07.06 07:07:18.221,1.68318,1.68382,1.50,1.27
2016.07.06 07:07:18.815,1.68318,1.6838,1.50,1.67
2016.07.06 07:07:18.916,1.68315,1.6838,1.00,1.27
2016.07.06 07:07:19.566,1.68313,1.68378,1.34,3.52
2016.07.06 07:07:20.083,1.68313,1.68374,1.00,1.67
2016.07.06 07:07:20.235,1.68311,1.68376,1.65,1.67
2016.07.06 07:07:21.027,1.68311,1.68375,1.00,1.27
2016.07.06 07:07:21.523,1.68311,1.68371,1.00,1.27
2016.07.06 07:07:22.173,1.68313,1.68371,1.00,1.27
2016.07.06 07:07:22.375,1.68316,1.68377,1.50,2.02
2016.07.06 07:07:22.867,1.68319,1.68377,1.00,1.27
2016.07.06 07:07:23.018,1.68323,1.6838,1.50,1.00
2016.07.06 07:07:23.120,1.68325,1.68382,1.50,1.80
2016.07.06 07:07:23.221,1.68323,1.68383,1.00,1.52
2016.07.06 07:07:23.272,1.68325,1.68385,1.00,1.90
2016.07.06 07:07:23.323,1.68325,1.68385,2.17,1.37
2016.07.06 07:07:23.898,1.68324,1.68385,1.65,1.50
2016.07.06 07:07:23.949,1.68327,1.68384,1.00,1.00
2016.07.06 07:07:24.150,1.68328,1.68386,1.00,1.12
2016.07.06 07:07:24.201,1.68328,1.68386,1.00,1.65
2016.07.06 07:07:24.353,1.6832,1.68383,1.80,1.52
2016.07.06 07:07:24.403,1.6832,1.68383,1.65,1.52
2016.07.06 07:07:24.730,1.6832,1.68381,1.80,1.75
2016.07.06 07:07:25.037,1.68319,1.68378,1.15,1.27
2016.07.06 07:07:25.138,1.68319,1.68378,1.15,1.27
2016.07.06 07:07:25.188,1.68319,1.68378,1.15,1.37
2016.07.06 07:07:25.516,1.68316,1.68377,1.24,1.75
2016.07.06 07:07:25.617,1.68316,1.68379,1.24,2.02
2016.07.06 07:07:26.441,1.68316,1.68376,1.24,1.00
2016.07.06 07:07:26.944,1.68319,1.68377,1.52,1.75
2016.07.06 07:07:27.045,1.68319,1.68378,1.24,1.27
2016.07.06 07:07:27.986,1.68315,1.68378,1.90,2.77
2016.07.06 07:07:28.087,1.68313,1.68372,1.37,1.20
2016.07.06 07:07:28.188,1.68313,1.68372,1.50,1.27
2016.07.06 07:07:28.238,1.68311,1.68368,2.02,1.00
2016.07.06 07:07:28.390,1.68308,1.68369,2.77,1.12
2016.07.06 07:07:28.491,1.68308,1.68366,1.00,1.00
2016.07.06 07:07:28.736,1.68311,1.6837,1.52,1.75
2016.07.06 07:07:28.941,1.68311,1.68373,1.65,1.27
2016.07.06 07:07:28.992,1.68311,1.6837,1.65,1.00
2016.07.06 07:07:29.295,1.68316,1.68375,1.00,2.02
2016.07.06 07:07:29.599,1.68318,1.6838,1.27,1.27
2016.07.06 07:07:29.650,1.68318,1.68377,1.27,1.27
2016.07.06 07:07:29.847,1.68318,1.68377,1.27,1.65
2016.07.06 07:07:29.898,1.68309,1.68374,1.86,1.52
2016.07.06 07:07:30.061,1.68309,1.68374,1.52,1.52
2016.07.06 07:07:30.365,1.68313,1.68374,1.00,1.52
2016.07.06 07:07:31.508,1.68307,1.68372,1.52,1.90
2016.07.06 07:07:31.709,1.68302,1.68367,2.17,1.52
2016.07.06 07:07:31.810,1.68302,1.68365,1.00,1.27
2016.07.06 07:07:31.961,1.68298,1.68361,1.52,3.67
2016.07.06 07:07:32.012,1.68298,1.6836,1.00,1.65
2016.07.06 07:07:32.526,1.68295,1.68356,1.00,1.52
2016.07.06 07:07:33.210,1.68295,1.68356,1.00,1.52
2016.07.06 07:07:34.427,1.68291,1.68351,2.77,1.12
2016.07.06 07:07:34.628,1.68287,1.68349,1.00,1.05
2016.07.06 07:07:34.729,1.68279,1.68342,1.00,1.52
2016.07.06 07:07:34.780,1.68277,1.68342,1.65,1.52
2016.07.06 07:07:34.830,1.68277,1.68343,2.02,1.52
2016.07.06 07:07:34.931,1.68276,1.68343,2.40,1.27
2016.07.06 07:07:35.360,1.68274,1.68342,1.90,1.90
2016.07.06 07:07:35.427,1.68274,1.68342,1.52,2.40
2016.07.06 07:07:35.477,1.68277,1.68342,1.00,2.40
2016.07.06 07:07:35.801,1.68277,1.68339,1.27,1.00
2016.07.06 07:07:35.926,1.68277,1.68337,1.27,1.00
2016.07.06 07:07:36.252,1.68273,1.68332,1.00,1.27
2016.07.06 07:07:36.303,1.68268,1.68332,1.00,1.27
2016.07.06 07:07:36.713,1.68268,1.68333,1.52,1.50
2016.07.06 07:07:36.966,1.68268,1.68333,1.52,1.50
2016.07.06 07:07:37.273,1.68272,1.68333,1.00,1.75
2016.07.06 07:07:37.623,1.68264,1.68328,1.27,1.57
2016.07.06 07:07:37.724,1.68262,1.68323,1.52,1.00
2016.07.06 07:07:38.026,1.68262,1.68323,1.00,1.75
2016.07.06 07:07:38.570,1.68262,1.68322,1.00,1.00
2016.07.06 07:07:39.386,1.68262,1.68323,1.50,1.65
2016.07.06 07:07:39.736,1.68269,1.68327,1.00,1.37
2016.07.06 07:07:39.787,1.68266,1.68327,1.12,1.00
2016.07.06 07:07:40.314,1.68266,1.68326,1.27,1.00
2016.07.06 07:07:40.832,1.68271,1.68327,1.20,1.00
2016.07.06 07:07:40.984,1.68277,1.6834,1.00,1.27
2016.07.06 07:07:41.034,1.68277,1.68337,1.52,1.00
2016.07.06 07:07:41.490,1.6827,1.68326,1.00,1.37
2016.07.06 07:07:41.590,1.68267,1.68326,1.00,1.00
2016.07.06 07:07:42.140,1.68267,1.68328,1.00,1.27
2016.07.06 07:07:42.989,1.68262,1.68322,1.00,1.27
2016.07.06 07:07:43.140,1.68262,1.68325,1.27,1.52
2016.07.06 07:07:43.342,1.68263,1.68326,1.52,1.50
2016.07.06 07:07:43.946,1.68266,1.68326,1.27,1.00
2016.07.06 07:07:44.768,1.68268,1.68326,1.00,1.00
2016.07.06 07:07:44.869,1.68266,1.68326,1.27,1.00
2016.07.06 07:07:45.606,1.68263,1.68327,2.77,1.50
2016.07.06 07:07:46.944,1.68269,1.68327,1.00,1.00
2016.07.06 07:07:47.344,1.68271,1.68329,1.00,1.57
2016.07.06 07:07:47.595,1.68267,1.68329,1.00,1.27
2016.07.06 07:07:47.987,1.68269,1.6833,1.00,1.27
2016.07.06 07:07:48.496,1.68268,1.68332,1.00,1.52
2016.07.06 07:07:49.208,1.68267,1.68329,1.00,1.52
2016.07.06 07:07:49.780,1.68271,1.68329,1.00,1.52
2016.07.06 07:07:50.032,1.68278,1.68338,1.00,1.27
2016.07.06 07:07:50.082,1.68283,1.68341,1.27,1.75
2016.07.06 07:07:50.532,1.68286,1.68351,1.52,1.27
2016.07.06 07:07:50.649,1.68286,1.68354,1.52,1.27
2016.07.06 07:07:50.851,1.68297,1.68359,1.00,1.52
2016.07.06 07:07:51.053,1.68297,1.6836,1.52,1.27
2016.07.06 07:07:51.557,1.68296,1.6836,1.52,1.57
2016.07.06 07:07:52.138,1.68296,1.6836,1.52,1.27
2016.07.06 07:07:52.711,1.68296,1.68359,1.52,1.00
2016.07.06 07:07:53.268,1.68296,1.68359,1.00,1.52
2016.07.06 07:07:53.510,1.68286,1.68349,1.00,1.27
2016.07.06 07:07:53.560,1.68286,1.68349,1.90,1.12
2016.07.06 07:07:53.661,1.68286,1.68348,1.52,1.00
2016.07.06 07:07:53.762,1.68289,1.68349,1.00,1.52
2016.07.06 07:07:54.011,1.68286,1.68348,2.02,1.20
2016.07.06 07:07:54.061,1.68289,1.68353,1.52,1.65
2016.07.06 07:07:54.162,1.68289,1.68353,1.52,1.27
2016.07.06 07:07:54.591,1.68294,1.68353,1.00,2.02
2016.07.06 07:07:54.924,1.68294,1.68353,1.00,1.27
2016.07.06 07:07:55.125,1.68286,1.68348,1.00,1.52
2016.07.06 07:07:55.681,1.68283,1.68347,2.77,1.27
2016.07.06 07:07:55.977,1.6828,1.68337,1.00,1.52
2016.07.06 07:07:56.484,1.68279,1.68339,1.00,1.27
2016.07.06 07:07:56.685,1.68279,1.68339,1.12,1.27
2016.07.06 07:07:56.952,1.68279,1.68339,1.12,1.27
2016.07.06 07:07:57.154,1.68279,1.6834,1.52,1.27
2016.07.06 07:07:57.665,1.68279,1.6834,1.52,1.57
2016.07.06 07:07:58.190,1.68279,1.6834,1.52,1.57
2016.07.06 07:07:58.493,1.68283,1.68341,1.00,1.42
2016.07.06 07:07:58.616,1.68279,1.6834,2.02,1.00
2016.07.06 07:07:58.667,1.68279,1.6834,1.87,1.52
2016.07.06 07:07:59.360,1.68279,1.68341,1.00,1.52
2016.07.06 07:08:00.389,1.68276,1.68338,1.67,1.00
2016.07.06 07:08:00.733,1.68276,1.68337,1.27,1.27
2016.07.06 07:08:00.935,1.68268,1.6833,2.02,1.20
2016.07.06 07:08:00.985,1.6827,1.68329,1.00,1.05
2016.07.06 07:08:01.288,1.68268,1.68325,1.00,1.57
2016.07.06 07:08:01.460,1.68266,1.68325,1.31,1.27
2016.07.06 07:08:01.871,1.68269,1.68325,1.00,1.27
2016.07.06 07:08:02.236,1.68269,1.68325,1.00,1.27
2016.07.06 07:08:02.343,1.68266,1.68325,1.00,1.27
2016.07.06 07:08:02.578,1.68266,1.68325,1.00,2.02
2016.07.06 07:08:03.018,1.68263,1.6832,1.00,1.27
2016.07.06 07:08:03.069,1.68252,1.6831,1.00,1.00
2016.07.06 07:08:03.170,1.68249,1.68307,1.52,1.00
2016.07.06 07:08:03.271,1.68244,1.68309,2.02,1.27
2016.07.06 07:08:03.372,1.68244,1.68304,2.02,1.00
2016.07.06 07:08:03.675,1.68248,1.68301,1.00,1.27
2016.07.06 07:08:03.877,1.68238,1.68296,1.00,1.27
2016.07.06 07:08:04.417,1.68238,1.68295,1.00,2.02
2016.07.06 07:08:04.574,1.68238,1.68291,1.00,1.00
2016.07.06 07:08:04.877,1.68234,1.68291,1.00,1.00
2016.07.06 07:08:05.394,1.68233,1.68291,2.02,1.00
2016.07.06 07:08:05.445,1.68239,1.68291,1.00,1.00
2016.07.06 07:08:05.697,1.68239,1.68296,1.00,1.52
2016.07.06 07:08:05.748,1.68235,1.68301,1.12,1.27
2016.07.06 07:08:05.799,1.68239,1.68304,1.50,1.27
2016.07.06 07:08:06.000,1.68238,1.68297,1.52,1.00
2016.07.06 07:08:06.101,1.68236,1.68296,1.00,1.00
2016.07.06 07:08:06.610,1.68236,1.68295,1.00,1.12
2016.07.06 07:08:06.811,1.68236,1.68295,1.00,1.52
2016.07.06 07:08:07.268,1.68239,1.68295,1.00,1.52
2016.07.06 07:08:08.061,1.68234,1.68293,1.00,1.52
2016.07.06 07:08:08.579,1.68233,1.68293,1.00,1.52
2016.07.06 07:08:08.831,1.68233,1.68292,1.50,1.27
2016.07.06 07:08:09.232,1.68228,1.68284,1.00,1.27
2016.07.06 07:08:09.334,1.68229,1.68286,1.00,1.52
2016.07.06 07:08:09.535,1.68231,1.68286,1.00,1.52
2016.07.06 07:08:09.838,1.68243,1.68295,1.00,1.27
2016.07.06 07:08:10.149,1.68238,1.68288,1.00,1.52
2016.07.06 07:08:10.200,1.68233,1.68286,1.00,1.27
2016.07.06 07:08:10.251,1.68229,1.68286,1.50,1.27
2016.07.06 07:08:10.512,1.68229,1.68284,1.00,1.27
2016.07.06 07:08:10.944,1.68233,1.68284,1.00,1.27
2016.07.06 07:08:11.068,1.68229,1.68284,1.00,1.27
2016.07.06 07:08:11.660,1.68228,1.68283,1.00,1.52
2016.07.06 07:08:12.800,1.68228,1.68282,1.00,1.20
2016.07.06 07:08:13.400,1.68228,1.68282,1.00,1.57
2016.07.06 07:08:14.114,1.68228,1.68284,1.00,1.27
2016.07.06 07:08:14.449,1.68223,1.68282,1.50,1.52
2016.07.06 07:08:14.551,1.68219,1.68282,1.00,1.27
2016.07.06 07:08:14.702,1.68214,1.68279,1.50,1.52
2016.07.06 07:08:14.804,1.68214,1.68278,1.00,1.52
2016.07.06 07:08:14.905,1.68209,1.6827,1.12,1.00
2016.07.06 07:08:14.956,1.68209,1.6827,1.12,1.37
2016.07.06 07:08:15.259,1.68206,1.68268,1.50,1.42
2016.07.06 07:08:15.530,1.68208,1.68261,1.00,1.65
2016.07.06 07:08:15.832,1.68198,1.68238,1.00,1.00
2016.07.06 07:08:15.883,1.68179,1.68238,1.00,1.00
2016.07.06 07:08:15.933,1.68179,1.68238,1.00,1.87
2016.07.06 07:08:16.281,1.68194,1.68248,1.00,1.75
2016.07.06 07:08:16.332,1.68197,1.68257,1.50,1.75
2016.07.06 07:08:16.483,1.68197,1.68255,1.00,1.27
2016.07.06 07:08:16.534,1.682,1.68255,1.00,1.20
2016.07.06 07:08:16.836,1.68229,1.68275,1.00,1.37
2016.07.06 07:08:17.287,1.68215,1.68264,1.00,1.00
2016.07.06 07:08:17.388,1.68219,1.68271,1.00,1.00
2016.07.06 07:08:17.438,1.68219,1.68264,1.00,1.00
2016.07.06 07:08:17.489,1.68213,1.68264,1.00,1.00
2016.07.06 07:08:17.540,1.68208,1.68265,1.37,1.87
2016.07.06 07:08:17.590,1.68201,1.68262,1.00,1.00
2016.07.06 07:08:17.641,1.68201,1.68262,1.00,1.27
2016.07.06 07:08:17.792,1.68201,1.68259,1.00,1.00
2016.07.06 07:08:18.044,1.68201,1.68261,1.00,1.12
2016.07.06 07:08:18.637,1.68198,1.68259,1.00,1.27
2016.07.06 07:08:18.688,1.68198,1.68259,1.00,1.27
2016.07.06 07:08:18.857,1.68202,1.68259,1.00,1.00
2016.07.06 07:08:19.008,1.68202,1.68265,1.00,2.25
2016.07.06 07:08:19.260,1.68204,1.68265,1.00,2.25
2016.07.06 07:08:19.669,1.68202,1.68265,1.00,2.25
2016.07.06 07:08:19.990,1.68188,1.68253,1.12,1.90
2016.07.06 07:08:20.242,1.68186,1.68247,1.00,2.02
2016.07.06 07:08:20.765,1.68186,1.68244,1.00,1.00
2016.07.06 07:08:21.172,1.68194,1.68244,1.00,1.00
2016.07.06 07:08:21.550,1.68188,1.68247,3.75,1.00
2016.07.06 07:08:22.168,1.68188,1.68248,1.50,1.27
2016.07.06 07:08:22.219,1.68187,1.68247,1.00,1.27
2016.07.06 07:08:22.815,1.68187,1.6824,1.00,1.57
2016.07.06 07:08:23.320,1.68187,1.6824,1.00,1.27
2016.07.06 07:08:25.561,1.68187,1.68244,1.00,1.27
2016.07.06 07:08:25.980,1.68187,1.68237,1.00,1.50
2016.07.06 07:08:26.282,1.68186,1.68236,1.00,2.02
2016.07.06 07:08:26.811,1.68186,1.68236,1.00,1.65
2016.07.06 07:08:26.861,1.68186,1.68239,1.00,1.27
2016.07.06 07:08:27.264,1.68187,1.68235,1.00,2.02
2016.07.06 07:08:27.770,1.68186,1.68237,1.00,1.52
2016.07.06 07:08:30.944,1.68186,1.68236,1.00,2.02
2016.07.06 07:08:31.176,1.68179,1.68235,1.00,1.27
2016.07.06 07:08:31.428,1.68176,1.68236,1.00,1.27
2016.07.06 07:08:31.479,1.68188,1.68236,1.00,1.57
2016.07.06 07:08:31.579,1.68185,1.68236,1.00,1.52
2016.07.06 07:08:31.841,1.68177,1.68238,1.00,1.27
2016.07.06 07:08:32.096,1.68173,1.68238,1.00,1.52
2016.07.06 07:08:32.146,1.68175,1.68228,1.00,1.12
2016.07.06 07:08:32.449,1.6816,1.68218,1.00,1.27
2016.07.06 07:08:32.805,1.68164,1.68224,1.00,1.05
2016.07.06 07:08:32.906,1.68164,1.68226,1.00,1.27
2016.07.06 07:08:33.057,1.68166,1.68226,1.00,1.57
2016.07.06 07:08:34.007,1.68158,1.68226,1.00,1.27
2016.07.06 07:08:34.210,1.68158,1.68217,1.00,1.00
2016.07.06 07:08:34.513,1.68158,1.68208,1.00,1.00
2016.07.06 07:08:35.098,1.68158,1.68207,1.00,1.00
2016.07.06 07:08:35.602,1.68158,1.68208,1.00,1.00
2016.07.06 07:08:36.312,1.68158,1.68207,1.00,1.00
2016.07.06 07:08:37.208,1.68153,1.68207,1.00,1.00
2016.07.06 07:08:37.416,1.68158,1.68207,1.00,1.00
2016.07.06 07:08:37.885,1.68158,1.68205,1.00,1.75
2016.07.06 07:08:38.036,1.68148,1.68202,1.00,1.57
2016.07.06 07:08:38.087,1.68148,1.68196,1.00,1.00
2016.07.06 07:08:38.389,1.68148,1.68193,1.00,1.12
2016.07.06 07:08:38.491,1.68148,1.68193,1.00,1.12
2016.07.06 07:08:38.541,1.68159,1.68193,1.00,1.00
2016.07.06 07:08:38.592,1.68159,1.68205,1.00,1.12
2016.07.06 07:08:38.817,1.68153,1.68205,1.00,1.75
2016.07.06 07:08:38.868,1.68154,1.68203,1.00,1.00
2016.07.06 07:08:38.918,1.68159,1.68207,1.00,1.75
2016.07.06 07:08:39.413,1.68156,1.68205,1.00,1.12
2016.07.06 07:08:39.514,1.68159,1.68205,1.00,1.12
2016.07.06 07:08:39.816,1.68158,1.68208,1.00,1.09
2016.07.06 07:08:40.009,1.68163,1.68209,1.00,1.09
2016.07.06 07:08:40.061,1.68163,1.68212,1.00,1.00
2016.07.06 07:08:40.263,1.68168,1.68217,1.00,1.75
2016.07.06 07:08:40.314,1.68168,1.68214,1.00,1.00
2016.07.06 07:08:40.415,1.68159,1.68212,1.00,1.09
2016.07.06 07:08:40.516,1.68154,1.68212,1.00,1.00
2016.07.06 07:08:40.566,1.68153,1.68212,1.00,1.37
2016.07.06 07:08:40.869,1.68134,1.6819,1.52,1.37
2016.07.06 07:08:40.919,1.68128,1.6819,1.00,1.75
2016.07.06 07:08:41.359,1.68131,1.6819,1.00,1.37
2016.07.06 07:08:41.412,1.68129,1.68192,1.00,1.50
2016.07.06 07:08:41.768,1.68132,1.68192,1.00,1.27
2016.07.06 07:08:41.969,1.68129,1.68192,1.50,1.00
2016.07.06 07:08:42.568,1.68128,1.68192,1.00,1.00
2016.07.06 07:08:43.074,1.68129,1.68192,1.00,1.00
2016.07.06 07:08:43.580,1.68128,1.68192,1.00,1.50
2016.07.06 07:08:43.942,1.68133,1.68192,1.00,1.00
2016.07.06 07:08:44.312,1.68129,1.68194,1.00,1.52
2016.07.06 07:08:44.881,1.68129,1.68194,1.00,1.52
2016.07.06 07:08:44.931,1.68154,1.68194,1.00,1.52
2016.07.06 07:08:45.083,1.68145,1.68198,1.37,1.37
2016.07.06 07:08:45.335,1.68153,1.68212,1.00,1.00
2016.07.06 07:08:45.886,1.68153,1.68216,1.00,1.27
2016.07.06 07:08:46.422,1.68153,1.68212,1.00,1.65
2016.07.06 07:08:46.693,1.68155,1.68212,1.00,1.00
2016.07.06 07:08:47.027,1.68158,1.68214,1.00,1.62
2016.07.06 07:08:47.531,1.68159,1.68216,1.00,2.06
2016.07.06 07:08:48.035,1.68158,1.68216,1.00,2.06
2016.07.06 07:08:48.540,1.68159,1.68216,1.00,1.19
2016.07.06 07:08:49.478,1.68163,1.68216,1.00,1.25
2016.07.06 07:08:50.144,1.68159,1.68216,1.00,1.25
2016.07.06 07:08:50.433,1.68164,1.68216,1.00,1.25
2016.07.06 07:08:50.904,1.68163,1.68218,1.00,2.02
2016.07.06 07:08:50.955,1.68158,1.68218,1.00,2.40
2016.07.06 07:08:51.056,1.68168,1.68215,1.00,2.21
2016.07.06 07:08:51.157,1.68158,1.68215,1.00,1.84
2016.07.06 07:08:51.258,1.68156,1.68215,1.00,1.84
2016.07.06 07:08:51.359,1.68156,1.68212,1.00,1.34
2016.07.06 07:08:51.410,1.6815,1.68212,1.00,1.86
2016.07.06 07:08:51.913,1.68153,1.68211,1.00,2.36
2016.07.06 07:08:52.640,1.68158,1.68213,1.00,2.36
2016.07.06 07:08:54.739,1.68159,1.68213,1.00,2.36
2016.07.06 07:08:55.031,1.68159,1.68211,1.00,1.15
2016.07.06 07:08:55.340,1.68158,1.68215,1.00,1.09
2016.07.06 07:08:55.441,1.68163,1.68219,1.00,1.52
2016.07.06 07:08:55.643,1.68168,1.68222,1.00,1.00
2016.07.06 07:08:55.744,1.68167,1.68227,1.00,1.09
2016.07.06 07:08:55.844,1.68168,1.68234,1.00,2.02
2016.07.06 07:08:56.366,1.68167,1.68233,1.00,1.52
2016.07.06 07:08:57.068,1.68169,1.68234,1.50,1.65
2016.07.06 07:08:57.671,1.68179,1.68236,1.00,1.52
2016.07.06 07:08:57.840,1.68189,1.68247,1.50,1.75
2016.07.06 07:08:57.891,1.68193,1.68247,1.00,1.37
2016.07.06 07:08:57.942,1.68196,1.68249,1.00,1.50
2016.07.06 07:08:58.043,1.68193,1.68255,2.25,1.57
2016.07.06 07:08:58.144,1.68198,1.68254,1.00,1.05
2016.07.06 07:08:58.814,1.68194,1.68256,1.00,1.27
2016.07.06 07:08:59.081,1.68192,1.68255,1.00,1.90
2016.07.06 07:08:59.334,1.68188,1.68251,1.00,2.02
2016.07.06 07:08:59.435,1.68193,1.68251,1.50,1.20
2016.07.06 07:08:59.636,1.68194,1.68256,2.25,1.57
2016.07.06 07:08:59.737,1.68198,1.68257,1.00,1.27
2016.07.06 07:08:59.969,1.68194,1.68255,1.00,1.67
2016.07.06 07:09:00.221,1.68198,1.68255,1.00,1.52
2016.07.06 07:09:00.727,1.68198,1.68255,1.00,1.20
2016.07.06 07:09:00.828,1.68193,1.68255,2.25,1.20
2016.07.06 07:09:01.355,1.68193,1.6825,2.25,1.00
2016.07.06 07:09:01.406,1.68193,1.68254,2.25,1.00
2016.07.06 07:09:01.507,1.68194,1.68252,1.00,1.00
2016.07.06 07:09:02.038,1.68194,1.68255,1.00,1.27
2016.07.06 07:09:02.240,1.68194,1.68255,1.00,1.20
2016.07.06 07:09:02.612,1.68194,1.68252,1.00,1.00
2016.07.06 07:09:02.813,1.68193,1.68255,2.25,1.52
2016.07.06 07:09:03.359,1.68193,1.68255,2.25,1.27
2016.07.06 07:09:03.884,1.68194,1.68256,1.50,1.27
2016.07.06 07:09:04.186,1.68198,1.68251,1.00,1.00
2016.07.06 07:09:04.237,1.68198,1.68253,1.00,1.50
2016.07.06 07:09:04.338,1.68197,1.68249,1.00,1.00
2016.07.06 07:09:04.489,1.68193,1.68249,1.50,1.00
2016.07.06 07:09:04.540,1.68193,1.68253,1.50,1.27
2016.07.06 07:09:04.999,1.68193,1.68242,1.00,1.00
2016.07.06 07:09:05.050,1.68183,1.68242,2.25,2.92
2016.07.06 07:09:05.251,1.6818,1.68242,1.00,2.92
2016.07.06 07:09:05.614,1.68184,1.68242,1.00,2.92
2016.07.06 07:09:05.715,1.6818,1.68242,1.00,2.92
2016.07.06 07:09:05.848,1.6818,1.68242,1.00,2.77
2016.07.06 07:09:05.949,1.6817,1.68232,1.00,1.00
2016.07.06 07:09:06.214,1.68172,1.68239,1.00,1.27
2016.07.06 07:09:06.800,1.68172,1.68239,1.00,1.52
2016.07.06 07:09:07.413,1.68172,1.68239,1.37,1.52
2016.07.06 07:09:07.897,1.68183,1.68238,1.50,1.00
2016.07.06 07:09:08.098,1.68189,1.68251,1.50,1.27
2016.07.06 07:09:08.149,1.68193,1.68249,1.00,1.00
2016.07.06 07:09:08.300,1.68197,1.68256,1.00,1.27
2016.07.06 07:09:08.350,1.68205,1.68258,1.00,1.27
2016.07.06 07:09:08.451,1.68207,1.68268,1.00,1.37
2016.07.06 07:09:08.502,1.68208,1.68267,1.00,1.00
2016.07.06 07:09:08.607,1.68208,1.68273,2.62,1.27
2016.07.06 07:09:09.109,1.68209,1.68275,1.00,1.27
2016.07.06 07:09:09.623,1.68208,1.68276,1.00,2.77
2016.07.06 07:09:10.258,1.68209,1.68275,1.12,1.65
2016.07.06 07:09:10.310,1.68213,1.68277,1.00,1.27
2016.07.06 07:09:10.817,1.68213,1.68274,1.00,1.27
2016.07.06 07:09:11.560,1.6821,1.68277,1.50,1.52
2016.07.06 07:09:11.862,1.68212,1.68274,1.00,1.52
2016.07.06 07:09:11.964,1.6821,1.68269,1.00,1.20
2016.07.06 07:09:12.064,1.68208,1.68269,1.00,1.27
2016.07.06 07:09:12.115,1.68208,1.68269,1.00,1.57
2016.07.06 07:09:12.365,1.68208,1.68268,1.00,1.00
2016.07.06 07:09:12.415,1.68208,1.68269,1.00,1.27
2016.07.06 07:09:13.007,1.68208,1.68269,1.00,1.75
2016.07.06 07:09:13.167,1.68208,1.6827,1.00,1.27
2016.07.06 07:09:13.829,1.68209,1.6827,1.00,1.27
2016.07.06 07:09:14.362,1.68213,1.68272,1.00,1.27
2016.07.06 07:09:14.413,1.68213,1.68272,1.00,1.27
2016.07.06 07:09:14.833,1.6821,1.68272,2.25,2.02
2016.07.06 07:09:15.710,1.6821,1.68271,1.12,1.00
2016.07.06 07:09:16.325,1.68223,1.68271,1.00,1.00
2016.07.06 07:09:16.376,1.68224,1.68274,1.00,1.00
2016.07.06 07:09:16.427,1.68227,1.68274,1.00,1.00
2016.07.06 07:09:16.477,1.68228,1.68287,1.00,1.87
2016.07.06 07:09:16.578,1.68226,1.68288,1.37,1.50
2016.07.06 07:09:16.733,1.68227,1.68291,1.00,1.87
2016.07.06 07:09:16.784,1.68223,1.68286,1.12,1.50
2016.07.06 07:09:16.986,1.68217,1.68281,1.00,1.00
2016.07.06 07:09:17.284,1.68214,1.68281,1.50,2.25
2016.07.06 07:09:17.822,1.68215,1.68281,1.50,1.00
2016.07.06 07:09:17.873,1.68217,1.68281,1.00,1.00
2016.07.06 07:09:18.288,1.68221,1.68282,1.00,1.00
2016.07.06 07:09:18.597,1.68211,1.68275,1.00,1.00
2016.07.06 07:09:18.748,1.68213,1.68277,1.00,1.50
2016.07.06 07:09:19.074,1.68213,1.68279,1.00,1.00
2016.07.06 07:09:19.660,1.68214,1.6828,1.00,1.67
2016.07.06 07:09:19.944,1.68214,1.68282,1.00,1.52
2016.07.06 07:09:20.475,1.68213,1.68283,1.50,2.02
2016.07.06 07:09:21.693,1.68212,1.68282,1.50,1.52
2016.07.06 07:09:22.623,1.68213,1.68282,1.00,1.52
2016.07.06 07:09:23.248,1.68212,1.68281,2.25,1.52
2016.07.06 07:09:24.197,1.68216,1.68281,2.25,1.52
2016.07.06 07:09:24.748,1.68217,1.68282,1.00,1.52
2016.07.06 07:09:25.475,1.68217,1.68277,1.00,1.00
2016.07.06 07:09:25.777,1.68211,1.68272,2.25,2.77
2016.07.06 07:09:26.320,1.68212,1.68271,1.50,1.52
2016.07.06 07:09:27.357,1.68211,1.68271,2.25,1.52
2016.07.06 07:09:27.559,1.68212,1.68274,1.00,1.20
2016.07.06 07:09:28.077,1.68213,1.68277,1.50,1.52
2016.07.06 07:09:28.984,1.68213,1.68279,2.25,1.52
2016.07.06 07:09:29.253,1.68218,1.68281,1.00,1.52
2016.07.06 07:09:29.304,1.68218,1.68285,1.00,2.02
2016.07.06 07:09:29.405,1.68221,1.68285,1.00,2.17
2016.07.06 07:09:29.753,1.68222,1.68285,1.00,1.52
2016.07.06 07:09:30.047,1.68222,1.68285,1.00,1.67
2016.07.06 07:09:30.386,1.68222,1.68285,1.00,2.02
2016.07.06 07:09:30.537,1.6822,1.68286,1.00,2.02
2016.07.06 07:09:31.206,1.6822,1.68286,1.50,2.77
2016.07.06 07:09:31.441,1.68219,1.68278,1.00,1.00
2016.07.06 07:09:31.542,1.68212,1.68275,1.00,2.02
2016.07.06 07:09:31.895,1.68215,1.68276,1.00,2.02
2016.07.06 07:09:31.995,1.68212,1.68278,1.00,1.52
2016.07.06 07:09:32.308,1.68212,1.68275,1.00,1.00
2016.07.06 07:09:32.358,1.6821,1.68275,2.25,1.00
2016.07.06 07:09:32.409,1.68211,1.68275,1.00,1.52
2016.07.06 07:09:32.924,1.6821,1.68275,1.50,1.52
2016.07.06 07:09:33.469,1.6821,1.68275,2.25,1.52
2016.07.06 07:09:33.519,1.68212,1.68275,1.00,1.52
2016.07.06 07:09:34.084,1.68213,1.68279,1.00,2.02
2016.07.06 07:09:34.611,1.68213,1.68279,1.00,1.52
2016.07.06 07:09:35.112,1.68212,1.68281,1.00,1.52
2016.07.06 07:09:35.253,1.68215,1.68282,1.00,2.02
2016.07.06 07:09:35.777,1.68216,1.68284,1.50,1.65
2016.07.06 07:09:35.828,1.68215,1.68284,1.87,1.52
2016.07.06 07:09:36.198,1.68212,1.68276,1.00,1.52
2016.07.06 07:09:36.349,1.6821,1.68276,1.00,1.52
2016.07.06 07:09:36.614,1.68208,1.68276,2.06,1.52
2016.07.06 07:09:36.871,1.68208,1.68276,1.69,1.52
2016.07.06 07:09:37.538,1.68212,1.68276,1.00,4.27
2016.07.06 07:09:37.841,1.68222,1.68276,1.00,1.00
2016.07.06 07:09:38.238,1.68211,1.68275,1.00,1.52
2016.07.06 07:09:38.441,1.68208,1.68275,1.00,1.52
2016.07.06 07:09:38.492,1.6821,1.68276,1.00,3.15
2016.07.06 07:09:38.794,1.68217,1.68277,1.00,1.50
2016.07.06 07:09:38.845,1.68217,1.68278,1.75,1.00
2016.07.06 07:09:39.097,1.68216,1.68286,1.75,2.02
2016.07.06 07:09:39.359,1.68223,1.68277,1.00,1.00
2016.07.06 07:09:39.560,1.68209,1.68274,1.00,2.02
2016.07.06 07:09:40.336,1.68209,1.68274,1.50,2.02
2016.07.06 07:09:40.641,1.68211,1.68274,1.75,1.52
2016.07.06 07:09:41.311,1.68213,1.68275,1.00,2.17
2016.07.06 07:09:41.644,1.68207,1.68274,1.75,1.52
2016.07.06 07:09:42.446,1.68209,1.68275,1.50,2.02
2016.07.06 07:09:42.599,1.68211,1.68275,1.50,2.02
2016.07.06 07:09:42.750,1.68209,1.68274,1.75,1.52
2016.07.06 07:09:42.851,1.68211,1.68274,1.00,2.02
2016.07.06 07:09:43.147,1.6821,1.68274,1.75,1.52
2016.07.06 07:09:43.552,1.68203,1.68262,1.75,1.52
2016.07.06 07:09:43.753,1.68199,1.68264,2.25,2.02
2016.07.06 07:09:44.346,1.68201,1.68267,1.75,2.77
2016.07.06 07:09:44.871,1.68201,1.68266,1.75,1.52
2016.07.06 07:09:45.500,1.68201,1.68266,1.75,1.52
2016.07.06 07:09:45.817,1.68201,1.68266,1.75,1.67
2016.07.06 07:09:46.026,1.68207,1.68266,1.00,1.52
2016.07.06 07:09:46.077,1.6821,1.68267,1.00,2.77
2016.07.06 07:09:46.499,1.6821,1.68267,1.75,1.00
2016.07.06 07:09:46.600,1.6821,1.68272,1.75,1.52
2016.07.06 07:09:46.651,1.68209,1.68268,1.75,1.00
2016.07.06 07:09:46.802,1.68209,1.68268,1.37,1.00
2016.07.06 07:09:46.904,1.68214,1.68268,1.00,1.00
2016.07.06 07:09:47.699,1.68215,1.68268,1.00,1.00
2016.07.06 07:09:48.206,1.68215,1.68271,1.00,1.52
2016.07.06 07:09:48.408,1.68212,1.68271,1.00,1.52
2016.07.06 07:09:48.999,1.68214,1.68271,1.00,1.52
2016.07.06 07:09:49.284,1.68212,1.68271,1.00,1.52
2016.07.06 07:09:49.809,1.68208,1.68271,2.25,1.52
2016.07.06 07:09:50.715,1.68216,1.68275,1.00,2.36
2016.07.06 07:09:51.018,1.68219,1.68276,1.00,1.86
2016.07.06 07:09:51.550,1.6822,1.68274,1.00,1.15
2016.07.06 07:09:53.413,1.68218,1.68275,1.00,1.61
2016.07.06 07:09:53.464,1.68218,1.68275,1.00,1.86
2016.07.06 07:09:54.006,1.68218,1.68275,1.00,1.86
2016.07.06 07:09:54.808,1.68229,1.68275,1.00,1.86
2016.07.06 07:09:54.859,1.68229,1.68275,1.00,1.52
2016.07.06 07:09:54.960,1.68223,1.68279,1.00,1.86
2016.07.06 07:09:55.061,1.68221,1.68281,1.00,1.52
2016.07.06 07:09:55.405,1.68223,1.68282,1.12,2.36
2016.07.06 07:09:56.215,1.68224,1.68281,1.00,1.61
2016.07.06 07:09:56.416,1.6822,1.68282,1.00,1.86
2016.07.06 07:09:56.967,1.6822,1.68276,1.00,1.00
2016.07.06 07:09:57.068,1.6822,1.68281,1.00,1.86
2016.07.06 07:09:57.669,1.68221,1.68281,1.00,1.86
2016.07.06 07:09:58.299,1.68221,1.68281,1.00,1.86
2016.07.06 07:09:58.555,1.68221,1.68281,1.00,2.36
2016.07.06 07:09:59.356,1.68218,1.68273,1.75,1.01
2016.07.06 07:09:59.655,1.68208,1.68272,1.75,1.67
2016.07.06 07:09:59.806,1.68208,1.68272,1.00,1.67
2016.07.06 07:09:59.857,1.68213,1.68273,1.00,1.01
2016.07.06 07:10:00.236,1.68213,1.68274,1.00,3.11
2016.07.06 07:10:00.354,1.6821,1.68271,1.00,1.52
2016.07.06 07:10:00.555,1.68208,1.68272,1.69,2.02
2016.07.06 07:10:00.856,1.68213,1.68272,1.00,1.52
2016.07.06 07:10:02.244,1.68213,1.68274,1.00,1.86
2016.07.06 07:10:03.061,1.68208,1.68272,2.25,1.52
2016.07.06 07:10:03.364,1.68213,1.68274,1.00,1.86
2016.07.06 07:10:03.566,1.68209,1.68271,1.00,1.52
2016.07.06 07:10:03.617,1.68209,1.68271,1.27,1.52
2016.07.06 07:10:03.667,1.68213,1.68274,1.00,1.86
2016.07.06 07:10:04.670,1.68209,1.68272,1.27,1.52
2016.07.06 07:10:04.722,1.68213,1.68274,1.00,2.36
2016.07.06 07:10:05.219,1.68209,1.68271,1.27,1.52
2016.07.06 07:10:05.319,1.68208,1.68268,1.52,1.00
2016.07.06 07:10:05.420,1.68208,1.68272,1.00,2.17
2016.07.06 07:10:06.022,1.68211,1.68272,1.52,1.00
2016.07.06 07:10:06.324,1.68223,1.68279,1.00,1.52
2016.07.06 07:10:06.626,1.68223,1.68283,1.00,2.02
2016.07.06 07:10:07.175,1.68223,1.68285,1.00,1.52
2016.07.06 07:10:07.723,1.68223,1.68285,1.00,2.77
2016.07.06 07:10:08.325,1.68223,1.68278,1.00,1.00
2016.07.06 07:10:08.535,1.68223,1.6828,1.00,1.00
2016.07.06 07:10:09.335,1.68219,1.68271,1.00,1.00
2016.07.06 07:10:09.436,1.68214,1.68274,1.00,3.52
2016.07.06 07:10:09.935,1.68219,1.68275,1.00,2.02
