2017.10.25 02:00:01.249,1.66546,1.66576,1.00,1.00
2017.10.25 02:00:01.452,1.66542,1.66574,1.00,1.00
2017.10.25 02:00:01.503,1.66542,1.66572,1.00,1.00
2017.10.25 02:00:02.022,1.66542,1.66571,1.00,1.00
2017.10.25 02:00:02.760,1.66536,1.66567,1.00,1.00
2017.10.25 02:00:03.286,1.66535,1.66567,1.00,1.25
2017.10.25 02:00:04.305,1.66535,1.66567,1.00,1.69
2017.10.25 02:00:05.977,1.66535,1.66561,1.00,1.00
2017.10.25 02:00:06.028,1.66532,1.66561,1.00,1.00
2017.10.25 02:00:06.079,1.6653,1.6656,1.00,1.00
2017.10.25 02:00:06.280,1.66531,1.66557,1.00,1.00
2017.10.25 02:00:06.331,1.66528,1.66557,1.50,1.00
2017.10.25 02:00:10.069,1.66531,1.66557,1.00,1.00
2017.10.25 02:00:10.272,1.66529,1.66557,1.00,1.00
2017.10.25 02:00:10.373,1.66527,1.66557,1.00,1.69
2017.10.25 02:00:10.878,1.66528,1.66557,1.00,1.69
2017.10.25 02:00:12.406,1.66527,1.66557,1.00,1.69
2017.10.25 02:00:14.812,1.6653,1.66557,1.00,1.50
2017.10.25 02:00:15.113,1.66532,1.66557,1.00,1.00
2017.10.25 02:00:15.622,1.66533,1.66557,1.00,1.00
2017.10.25 02:00:15.768,1.66533,1.66559,1.00,1.00
2017.10.25 02:00:16.210,1.66529,1.66557,1.00,1.00
2017.10.25 02:00:26.427,1.66529,1.66559,1.00,1.00
2017.10.25 02:00:30.472,1.66529,1.66558,1.00,1.00
2017.10.25 02:00:31.513,1.66529,1.66559,1.00,1.25
2017.10.25 02:00:31.614,1.66529,1.66559,1.00,1.69
2017.10.25 02:00:40.864,1.66524,1.66556,1.00,1.25
2017.10.25 02:00:49.547,1.66524,1.66556,1.19,1.00
2017.10.25 02:00:49.713,1.66524,1.66556,2.44,1.00
2017.10.25 02:00:49.907,1.66529,1.6656,1.00,1.50
2017.10.25 02:00:55.216,1.66529,1.6656,1.00,1.19
2017.10.25 02:00:56.003,1.66529,1.6656,1.00,1.00
2017.10.25 02:00:57.577,1.66529,1.66557,1.00,1.00
2017.10.25 02:01:09.260,1.66526,1.66557,1.00,1.50
2017.10.25 02:01:18.265,1.66526,1.66554,1.00,1.00
2017.10.25 02:01:18.497,1.66521,1.66553,1.69,1.00
2017.10.25 02:01:20.396,1.66521,1.66553,1.25,2.25
2017.10.25 02:01:20.599,1.66521,1.66551,1.00,1.00
2017.10.25 02:01:21.136,1.66521,1.6655,1.00,1.00
2017.10.25 02:01:21.663,1.66521,1.66549,1.00,1.00
2017.10.25 02:01:22.347,1.66521,1.66548,1.00,1.00
2017.10.25 02:01:22.971,1.66521,1.66547,1.00,1.00
2017.10.25 02:01:28.164,1.66521,1.6655,1.00,1.00
2017.10.25 02:01:28.619,1.66521,1.66552,1.00,1.25
2017.10.25 02:01:29.311,1.66521,1.66552,1.00,1.19
2017.10.25 02:01:34.250,1.66521,1.66552,1.69,1.00
2017.10.25 02:01:34.841,1.66521,1.66553,2.25,1.00
2017.10.25 02:01:35.365,1.66521,1.66553,1.50,1.19
2017.10.25 02:01:35.532,1.66519,1.66549,1.00,1.00
2017.10.25 02:01:43.996,1.66519,1.66548,1.00,1.00
2017.10.25 02:01:44.412,1.66519,1.66545,1.00,1.00
2017.10.25 02:01:44.567,1.66519,1.66547,1.00,1.00
2017.10.25 02:01:44.987,1.66519,1.66549,1.00,1.50
2017.10.25 02:01:54.973,1.66515,1.66547,1.00,1.00
2017.10.25 02:02:06.808,1.66517,1.66547,1.00,1.00
2017.10.25 02:02:07.080,1.66519,1.6655,1.25,1.00
2017.10.25 02:02:09.781,1.66523,1.66552,1.00,1.00
2017.10.25 02:02:10.314,1.66523,1.66551,1.00,1.00
2017.10.25 02:02:10.925,1.66523,1.66555,1.00,1.69
2017.10.25 02:02:11.311,1.66523,1.66555,1.00,2.06
2017.10.25 02:02:11.362,1.6652,1.66552,1.00,1.56
2017.10.25 02:02:11.884,1.66516,1.66548,1.00,1.25
2017.10.25 02:02:14.789,1.66516,1.66548,1.00,1.69
2017.10.25 02:02:17.233,1.66516,1.66547,1.00,1.00
2017.10.25 02:02:17.638,1.66516,1.66542,1.00,1.00
2017.10.25 02:02:18.030,1.66516,1.66547,1.00,1.00
2017.10.25 02:02:18.565,1.66516,1.66548,1.00,1.50
2017.10.25 02:02:24.016,1.66516,1.66548,1.00,1.69
2017.10.25 02:02:24.501,1.66516,1.66547,1.00,2.44
2017.10.25 02:02:29.997,1.66516,1.66546,1.00,1.25
2017.10.25 02:02:30.199,1.66512,1.66544,1.00,1.19
2017.10.25 02:02:30.732,1.66512,1.66543,1.00,1.69
2017.10.25 02:02:31.650,1.66512,1.66543,1.00,1.69
2017.10.25 02:02:45.615,1.66512,1.66544,1.00,1.00
2017.10.25 02:03:01.654,1.66515,1.66544,1.19,1.00
2017.10.25 02:03:01.756,1.66521,1.6655,1.00,1.00
2017.10.25 02:03:03.244,1.66522,1.66552,1.00,1.00
2017.10.25 02:03:18.344,1.66527,1.66553,1.00,1.00
2017.10.25 02:03:18.396,1.66527,1.66557,1.50,1.00
2017.10.25 02:03:18.448,1.66534,1.66559,1.00,1.00
2017.10.25 02:03:18.499,1.66534,1.66563,1.00,1.25
2017.10.25 02:03:19.087,1.66534,1.66563,1.00,2.44
2017.10.25 02:03:19.631,1.66534,1.66563,1.00,1.69
2017.10.25 02:03:20.177,1.66534,1.66561,1.00,1.00
2017.10.25 02:03:20.329,1.6653,1.6656,1.00,1.00
2017.10.25 02:03:20.532,1.66529,1.66558,1.50,1.00
2017.10.25 02:03:31.105,1.66532,1.66558,1.00,1.00
2017.10.25 02:03:31.156,1.66532,1.66561,1.00,3.00
2017.10.25 02:03:31.257,1.66536,1.66561,1.00,2.25
2017.10.25 02:03:31.881,1.66536,1.6656,1.00,1.00
2017.10.25 02:03:32.474,1.66536,1.66561,1.00,2.25
2017.10.25 02:03:33.433,1.66536,1.6656,1.00,1.00
2017.10.25 02:03:34.022,1.66536,1.66561,1.00,2.25
2017.10.25 02:03:35.183,1.66536,1.6656,1.00,1.00
2017.10.25 02:03:36.075,1.66536,1.66561,1.00,2.25
2017.10.25 02:03:37.691,1.66534,1.66561,1.00,2.25
2017.10.25 02:03:41.347,1.66534,1.6656,1.00,1.00
2017.10.25 02:03:41.398,1.66536,1.66561,1.00,2.25
2017.10.25 02:03:41.624,1.66534,1.66561,1.00,1.50
2017.10.25 02:03:42.012,1.66536,1.66561,1.00,1.50
2017.10.25 02:03:42.703,1.66534,1.66561,1.00,1.50
2017.10.25 02:03:49.473,1.66537,1.66561,1.00,2.25
2017.10.25 02:03:49.625,1.66533,1.66561,1.00,3.00
2017.10.25 02:03:50.128,1.66532,1.66561,1.00,3.19
2017.10.25 02:03:50.606,1.66534,1.66561,1.00,3.00
2017.10.25 02:03:52.052,1.66534,1.6656,1.00,1.00
2017.10.25 02:03:52.582,1.66534,1.66561,1.00,1.50
2017.10.25 02:03:53.188,1.66536,1.66561,1.00,2.25
2017.10.25 02:04:02.291,1.66537,1.66561,1.00,1.50
2017.10.25 02:04:03.263,1.66536,1.66561,1.00,1.50
2017.10.25 02:04:04.889,1.66534,1.66561,1.00,2.25
2017.10.25 02:04:11.361,1.66532,1.66561,1.50,2.25
2017.10.25 02:04:19.517,1.66531,1.66561,1.00,1.00
2017.10.25 02:04:20.353,1.66531,1.66563,1.00,1.00
2017.10.25 02:04:20.893,1.66532,1.66563,1.00,1.00
2017.10.25 02:04:21.615,1.66531,1.66562,1.00,1.00
2017.10.25 02:04:22.232,1.66532,1.66563,1.00,1.00
2017.10.25 02:04:22.737,1.66531,1.66562,1.00,1.00
2017.10.25 02:04:24.756,1.66532,1.66562,1.00,1.25
2017.10.25 02:04:26.132,1.66531,1.66562,1.00,1.00
2017.10.25 02:04:26.675,1.66532,1.66562,1.00,1.25
2017.10.25 02:04:27.533,1.6653,1.66562,1.00,1.00
2017.10.25 02:04:32.684,1.6653,1.66561,1.00,1.00
2017.10.25 02:04:36.178,1.6653,1.66562,1.00,1.50
2017.10.25 02:04:40.135,1.6653,1.66561,1.00,1.00
2017.10.25 02:04:40.732,1.66529,1.66561,1.69,1.00
2017.10.25 02:04:41.391,1.6653,1.66561,1.00,1.50
2017.10.25 02:04:49.592,1.6653,1.6656,1.00,1.00
2017.10.25 02:04:49.642,1.66532,1.66561,1.00,1.50
2017.10.25 02:04:50.231,1.66532,1.6656,1.00,1.00
2017.10.25 02:04:52.393,1.66533,1.66561,1.00,1.50
2017.10.25 02:05:02.703,1.66532,1.66561,1.00,1.50
2017.10.25 02:05:03.209,1.66532,1.66562,1.00,1.00
2017.10.25 02:05:03.717,1.66532,1.66561,1.00,1.00
2017.10.25 02:05:04.412,1.66532,1.66562,1.00,2.25
2017.10.25 02:05:05.554,1.66532,1.6656,1.00,1.00
2017.10.25 02:05:06.062,1.66532,1.66559,1.00,1.00
2017.10.25 02:05:09.935,1.66531,1.66559,1.00,1.50
2017.10.25 02:05:14.011,1.66532,1.66559,1.00,1.50
2017.10.25 02:05:14.646,1.66531,1.66559,1.00,1.50
2017.10.25 02:05:15.697,1.66531,1.66558,1.00,1.00
2017.10.25 02:05:18.323,1.66531,1.66557,1.00,1.00
2017.10.25 02:05:20.888,1.66529,1.66557,1.00,1.00
2017.10.25 02:05:20.994,1.66527,1.66557,1.00,1.84
2017.10.25 02:05:21.096,1.66525,1.66555,1.00,1.69
2017.10.25 02:05:21.198,1.66519,1.66551,1.50,1.69
2017.10.25 02:05:21.249,1.66519,1.66547,1.50,1.00
2017.10.25 02:05:26.536,1.6652,1.66547,1.00,1.00
2017.10.25 02:05:27.042,1.66519,1.66546,1.50,1.00
2017.10.25 02:05:27.277,1.66519,1.66548,1.50,1.50
2017.10.25 02:05:28.052,1.66519,1.66547,2.25,1.00
2017.10.25 02:05:28.620,1.6652,1.66547,1.00,1.00
2017.10.25 02:05:28.773,1.66524,1.66549,2.06,1.00
2017.10.25 02:05:28.824,1.66524,1.66555,2.06,2.25
2017.10.25 02:05:29.342,1.66524,1.66555,1.69,1.00
2017.10.25 02:05:32.764,1.66524,1.66555,1.69,1.00
2017.10.25 02:05:34.006,1.66524,1.66555,2.44,2.25
2017.10.25 02:05:34.762,1.66525,1.66554,1.25,1.00
2017.10.25 02:05:35.290,1.66524,1.66555,1.69,1.50
2017.10.25 02:05:35.980,1.66525,1.66555,1.00,2.25
2017.10.25 02:05:38.270,1.66524,1.66555,1.69,1.50
2017.10.25 02:05:38.817,1.66524,1.66555,1.69,1.50
2017.10.25 02:05:47.409,1.66525,1.66555,1.31,1.50
2017.10.25 02:05:52.552,1.66527,1.66555,1.25,1.50
2017.10.25 02:05:52.856,1.66529,1.66555,1.00,1.00
2017.10.25 02:05:53.144,1.66523,1.66552,1.00,1.19
2017.10.25 02:05:53.700,1.66522,1.66552,1.50,1.25
2017.10.25 02:05:54.505,1.66522,1.66552,1.50,1.19
2017.10.25 02:05:55.044,1.66522,1.66552,1.50,1.25
2017.10.25 02:05:55.095,1.66524,1.66552,1.00,1.25
2017.10.25 02:05:55.287,1.66525,1.66556,1.00,3.00
2017.10.25 02:05:55.338,1.66528,1.66555,1.00,1.50
2017.10.25 02:05:55.849,1.66528,1.66555,1.00,1.69
2017.10.25 02:05:55.900,1.66526,1.66555,1.00,1.69
2017.10.25 02:05:55.951,1.66524,1.66555,2.25,1.69
2017.10.25 02:05:56.001,1.66526,1.66555,1.00,1.69
2017.10.25 02:05:56.614,1.66525,1.66555,1.00,1.00
2017.10.25 02:05:56.932,1.66525,1.66553,1.00,1.00
2017.10.25 02:05:57.471,1.66522,1.66552,1.00,1.50
2017.10.25 02:05:57.996,1.66521,1.66549,1.00,1.00
2017.10.25 02:06:00.501,1.66526,1.66551,1.00,1.00
2017.10.25 02:06:00.552,1.66526,1.66554,1.00,1.00
2017.10.25 02:06:00.654,1.66524,1.66554,1.50,1.00
2017.10.25 02:06:01.009,1.66526,1.66554,1.00,1.50
2017.10.25 02:06:01.393,1.66524,1.66554,1.25,1.00
2017.10.25 02:06:04.613,1.66524,1.66554,1.19,1.00
2017.10.25 02:06:06.835,1.66524,1.66554,1.00,1.00
2017.10.25 02:06:07.291,1.6652,1.66552,1.25,1.00
2017.10.25 02:06:07.890,1.6652,1.66552,3.00,1.00
2017.10.25 02:06:08.502,1.6652,1.66552,2.81,1.00
2017.10.25 02:06:16.451,1.6652,1.66552,2.81,1.00
2017.10.25 02:06:16.502,1.66524,1.66552,1.00,1.00
2017.10.25 02:06:16.604,1.66525,1.66557,1.00,1.69
2017.10.25 02:06:17.111,1.66525,1.66557,1.69,1.00
2017.10.25 02:06:17.649,1.66525,1.66557,1.25,1.00
2017.10.25 02:06:20.139,1.66525,1.66556,1.00,1.00
2017.10.25 02:06:20.665,1.66525,1.66555,1.00,1.00
2017.10.25 02:06:25.072,1.66525,1.66556,1.00,1.00
2017.10.25 02:06:28.789,1.66525,1.66555,1.00,1.00
2017.10.25 02:06:28.992,1.66525,1.66557,1.00,1.69
2017.10.25 02:06:29.282,1.66525,1.66555,1.00,1.00
2017.10.25 02:06:29.798,1.66525,1.66556,1.00,2.44
2017.10.25 02:06:33.240,1.66525,1.66555,1.00,1.19
2017.10.25 02:06:33.291,1.66525,1.66556,1.00,3.19
2017.10.25 02:06:35.984,1.66525,1.66555,1.00,1.00
2017.10.25 02:06:37.025,1.66525,1.66556,1.00,1.69
2017.10.25 02:06:37.077,1.66521,1.66552,1.69,1.00
2017.10.25 02:06:37.472,1.66522,1.66552,1.19,1.00
2017.10.25 02:06:37.765,1.66525,1.66556,1.69,1.00
2017.10.25 02:06:38.272,1.66525,1.66556,1.25,1.00
2017.10.25 02:06:38.774,1.66524,1.66556,1.00,1.69
2017.10.25 02:06:39.066,1.66524,1.66555,1.00,1.19
2017.10.25 02:06:39.627,1.66524,1.66555,1.00,1.25
2017.10.25 02:06:39.949,1.66524,1.66553,1.00,1.00
2017.10.25 02:06:42.111,1.66525,1.66553,1.00,1.00
2017.10.25 02:06:42.162,1.66523,1.66553,1.00,1.00
2017.10.25 02:06:42.213,1.66521,1.66553,2.25,1.00
2017.10.25 02:06:43.638,1.66521,1.66553,1.00,1.69
2017.10.25 02:06:45.658,1.66523,1.66552,1.25,1.00
2017.10.25 02:06:46.172,1.66522,1.66552,1.69,1.00
2017.10.25 02:06:50.448,1.66523,1.66552,1.25,1.00
2017.10.25 02:06:51.009,1.66522,1.66552,1.69,1.00
2017.10.25 02:06:51.986,1.66522,1.66553,1.69,1.00
2017.10.25 02:06:52.292,1.66522,1.66553,1.69,1.00
2017.10.25 02:06:52.922,1.66523,1.66553,1.19,1.00
2017.10.25 02:06:55.497,1.66527,1.66557,1.00,1.50
2017.10.25 02:07:13.801,1.66527,1.66556,1.00,2.25
2017.10.25 02:07:14.382,1.66527,1.66555,1.00,1.00
2017.10.25 02:07:20.465,1.66527,1.66556,1.00,2.44
2017.10.25 02:07:21.011,1.66527,1.66555,1.00,1.00
2017.10.25 02:07:21.849,1.66527,1.66556,1.00,1.50
2017.10.25 02:07:22.940,1.66527,1.66555,1.50,1.00
2017.10.25 02:07:23.774,1.66527,1.66556,1.50,1.50
2017.10.25 02:07:24.764,1.66527,1.66551,1.50,1.00
2017.10.25 02:07:25.017,1.66521,1.66551,1.00,1.69
2017.10.25 02:07:25.234,1.66518,1.6655,1.50,1.19
2017.10.25 02:07:26.134,1.6652,1.6655,1.00,1.00
2017.10.25 02:07:26.438,1.66522,1.6655,1.00,1.25
2017.10.25 02:07:27.643,1.66522,1.66551,1.00,1.00
2017.10.25 02:07:34.583,1.6652,1.6655,1.00,1.00
2017.10.25 02:07:37.811,1.6652,1.6655,1.00,1.19
2017.10.25 02:07:38.831,1.6652,1.6655,1.00,1.19
2017.10.25 02:07:40.183,1.6652,1.6655,1.00,1.19
2017.10.25 02:07:40.725,1.6652,1.6655,1.00,1.00
2017.10.25 02:07:41.333,1.6652,1.6655,1.00,1.19
2017.10.25 02:07:41.863,1.6652,1.6655,1.00,1.19
2017.10.25 02:07:42.380,1.6652,1.6655,1.00,1.25
2017.10.25 02:07:43.480,1.6652,1.6655,1.50,1.19
2017.10.25 02:07:47.545,1.6652,1.6655,1.00,1.00
2017.10.25 02:07:59.174,1.66522,1.66551,1.00,1.00
2017.10.25 02:08:01.545,1.66522,1.66549,1.00,1.00
2017.10.25 02:08:09.467,1.66522,1.6655,1.50,1.00
2017.10.25 02:08:10.039,1.66522,1.66553,1.50,1.50
2017.10.25 02:08:10.607,1.66522,1.66552,1.50,1.00
2017.10.25 02:08:12.395,1.66522,1.66551,1.00,1.00
2017.10.25 02:08:13.005,1.66522,1.66552,1.00,2.25
2017.10.25 02:08:13.833,1.66522,1.66551,1.00,1.00
2017.10.25 02:08:15.744,1.66522,1.6655,1.00,1.00
2017.10.25 02:08:16.184,1.6652,1.6655,1.25,1.00
2017.10.25 02:08:16.235,1.6652,1.66548,1.25,1.00
2017.10.25 02:08:17.985,1.66528,1.66548,1.00,1.00
2017.10.25 02:08:18.188,1.66526,1.66555,1.00,2.25
2017.10.25 02:08:18.239,1.66525,1.66553,1.00,1.25
2017.10.25 02:08:18.391,1.6652,1.6655,3.56,1.00
2017.10.25 02:08:18.543,1.6652,1.66549,1.69,1.00
2017.10.25 02:08:18.594,1.66522,1.66552,1.19,1.00
2017.10.25 02:08:19.014,1.66525,1.66553,1.00,1.00
2017.10.25 02:08:19.065,1.66525,1.66556,1.69,1.50
2017.10.25 02:08:19.646,1.66525,1.66555,1.00,1.00
2017.10.25 02:08:19.894,1.66525,1.66553,1.50,1.00
2017.10.25 02:08:20.440,1.66525,1.66554,1.50,2.25
2017.10.25 02:08:22.213,1.66525,1.66553,1.00,1.00
2017.10.25 02:08:22.586,1.66524,1.66553,1.00,1.87
2017.10.25 02:08:29.727,1.66525,1.66553,1.00,1.37
2017.10.25 02:08:30.518,1.66524,1.66553,1.00,2.62
2017.10.25 02:08:31.036,1.66521,1.66552,2.44,1.37
2017.10.25 02:08:31.550,1.66521,1.66552,1.69,1.37
2017.10.25 02:08:32.106,1.66522,1.66553,1.19,1.87
2017.10.25 02:08:32.722,1.66522,1.66553,1.19,1.37
2017.10.25 02:08:34.437,1.66522,1.66553,1.19,1.87
2017.10.25 02:08:34.597,1.66522,1.66553,1.19,1.87
2017.10.25 02:08:37.034,1.6652,1.66549,1.25,1.12
2017.10.25 02:08:37.085,1.6652,1.66549,1.00,1.37
2017.10.25 02:08:37.136,1.6652,1.66549,1.00,1.00
2017.10.25 02:08:37.737,1.66521,1.66549,1.00,1.12
2017.10.25 02:08:38.520,1.6652,1.66549,1.00,1.50
2017.10.25 02:08:39.997,1.6652,1.66547,1.00,1.00
2017.10.25 02:08:41.731,1.66521,1.66547,1.00,1.00
2017.10.25 02:08:42.481,1.6652,1.66547,1.00,1.00
2017.10.25 02:08:43.118,1.66521,1.66547,1.00,1.00
2017.10.25 02:08:43.936,1.66521,1.66549,1.00,2.25
2017.10.25 02:08:44.461,1.6652,1.66549,1.50,2.25
2017.10.25 02:08:49.931,1.66518,1.66549,1.00,2.25
2017.10.25 02:08:50.951,1.66518,1.66548,1.50,1.00
2017.10.25 02:08:51.725,1.66518,1.66547,1.50,1.00
2017.10.25 02:08:53.351,1.66519,1.66547,1.00,1.00
2017.10.25 02:08:57.946,1.66518,1.66549,3.56,1.50
2017.10.25 02:08:58.470,1.66519,1.66549,2.06,1.00
2017.10.25 02:08:59.919,1.66519,1.66549,2.25,1.50
2017.10.25 02:09:02.399,1.66519,1.66549,1.19,1.00
2017.10.25 02:09:02.500,1.6652,1.66552,1.19,3.00
2017.10.25 02:09:02.703,1.66523,1.66552,1.19,1.50
2017.10.25 02:09:05.302,1.66523,1.66552,1.25,1.50
2017.10.25 02:09:10.047,1.66524,1.66552,1.00,1.00
2017.10.25 02:09:17.918,1.66524,1.66555,1.00,1.50
2017.10.25 02:09:23.221,1.66524,1.66554,1.00,1.00
2017.10.25 02:09:23.742,1.66525,1.66553,1.25,1.00
2017.10.25 02:09:24.303,1.66524,1.66553,1.69,1.00
2017.10.25 02:09:24.853,1.66525,1.66554,1.00,1.50
2017.10.25 02:09:26.151,1.66525,1.66553,1.00,1.00
2017.10.25 02:09:26.731,1.66525,1.66554,1.00,1.50
2017.10.25 02:09:27.738,1.66525,1.66553,1.00,1.00
2017.10.25 02:09:28.648,1.66525,1.66554,1.00,1.50
2017.10.25 02:09:29.151,1.66524,1.66551,1.50,1.00
2017.10.25 02:09:32.281,1.66525,1.66551,1.00,1.00
2017.10.25 02:09:32.871,1.66524,1.66551,1.50,1.00
2017.10.25 02:09:34.116,1.66525,1.66551,1.00,1.00
2017.10.25 02:09:34.636,1.66524,1.66551,1.50,1.00
2017.10.25 02:09:35.182,1.66525,1.66551,1.00,1.00
2017.10.25 02:09:40.530,1.66525,1.66554,1.00,2.25
2017.10.25 02:09:41.061,1.66524,1.66553,1.00,1.00
2017.10.25 02:09:41.839,1.66523,1.66552,1.25,1.37
2017.10.25 02:09:42.561,1.66524,1.66552,1.25,1.37
2017.10.25 02:09:46.151,1.66523,1.66552,1.25,1.12
2017.10.25 02:09:53.122,1.66524,1.66552,1.25,1.00
2017.10.25 02:10:01.140,1.66523,1.66552,1.25,1.00
2017.10.25 02:10:01.446,1.66525,1.66555,3.00,1.37
2017.10.25 02:10:01.793,1.66538,1.66564,1.00,1.00
2017.10.25 02:10:02.492,1.66539,1.66564,1.00,1.00
2017.10.25 02:10:03.899,1.66538,1.66564,1.00,1.00
2017.10.25 02:10:04.268,1.66535,1.66564,1.69,1.12
2017.10.25 02:10:04.420,1.66535,1.66562,1.69,1.00
2017.10.25 02:10:04.728,1.66534,1.66561,1.00,1.37
2017.10.25 02:10:12.279,1.66534,1.66561,1.25,1.00
2017.10.25 02:10:12.818,1.66535,1.66561,1.69,1.50
2017.10.25 02:10:17.872,1.66535,1.66561,1.69,1.00
2017.10.25 02:10:17.924,1.66535,1.66565,3.19,1.12
2017.10.25 02:10:23.556,1.66536,1.66565,1.19,1.12
2017.10.25 02:10:24.068,1.66535,1.66565,2.44,1.00
2017.10.25 02:10:24.831,1.66536,1.66565,1.19,1.12
2017.10.25 02:10:28.153,1.66536,1.66565,1.19,1.00
2017.10.25 02:10:30.382,1.66535,1.66565,1.50,1.00
2017.10.25 02:10:30.433,1.66537,1.66565,1.00,1.12
2017.10.25 02:10:30.997,1.66537,1.66565,1.00,1.37
2017.10.25 02:10:31.659,1.66538,1.66565,1.00,1.37
2017.10.25 02:10:36.925,1.66537,1.66565,1.00,1.37
2017.10.25 02:10:37.251,1.66537,1.66562,1.00,1.37
2017.10.25 02:10:38.140,1.66538,1.66562,1.00,1.37
2017.10.25 02:10:40.630,1.66537,1.66562,1.00,1.37
2017.10.25 02:10:42.377,1.66538,1.66562,1.00,1.00
2017.10.25 02:10:42.914,1.66537,1.66562,1.00,1.00
2017.10.25 02:10:46.980,1.66538,1.66562,1.00,1.00
2017.10.25 02:10:49.028,1.66537,1.66562,1.00,1.00
2017.10.25 02:10:49.567,1.66537,1.66561,1.00,1.00
2017.10.25 02:10:49.896,1.66535,1.66561,2.25,1.00
2017.10.25 02:10:54.141,1.66535,1.66562,1.00,1.00
2017.10.25 02:10:54.336,1.66535,1.66557,1.00,1.00
2017.10.25 02:10:54.713,1.66535,1.66562,1.00,1.00
2017.10.25 02:10:55.359,1.66532,1.66557,1.00,1.00
2017.10.25 02:10:55.460,1.66527,1.66557,1.00,1.00
2017.10.25 02:10:55.858,1.66527,1.66556,1.00,1.37
2017.10.25 02:10:55.960,1.66527,1.66556,1.00,1.00
2017.10.25 02:10:58.616,1.66527,1.66556,1.00,1.37
2017.10.25 02:10:58.717,1.66524,1.66553,1.00,1.00
2017.10.25 02:11:00.236,1.66524,1.66553,1.19,1.00
2017.10.25 02:11:00.287,1.6653,1.66558,1.00,1.12
2017.10.25 02:11:00.439,1.66528,1.66558,1.00,1.00
2017.10.25 02:11:00.490,1.66526,1.66558,1.00,1.00
2017.10.25 02:11:00.665,1.66526,1.66551,1.00,1.00
2017.10.25 02:11:00.767,1.66526,1.66556,1.00,1.12
2017.10.25 02:11:01.050,1.66526,1.66552,1.00,1.00
2017.10.25 02:11:06.947,1.66523,1.66552,1.25,1.00
2017.10.25 02:11:07.451,1.66524,1.66552,1.00,1.50
2017.10.25 02:11:09.896,1.66523,1.66552,1.25,1.00
2017.10.25 02:11:12.235,1.66523,1.66551,1.00,1.00
2017.10.25 02:11:12.776,1.66524,1.66551,1.00,1.00
2017.10.25 02:11:13.998,1.66523,1.66551,1.00,1.00
2017.10.25 02:11:15.873,1.66524,1.66551,1.00,1.00
2017.10.25 02:11:16.422,1.66523,1.66552,1.00,1.50
2017.10.25 02:11:17.036,1.66524,1.66552,1.00,2.25
2017.10.25 02:11:17.861,1.66523,1.66552,1.00,1.00
2017.10.25 02:11:18.430,1.66522,1.66553,1.69,1.50
2017.10.25 02:11:26.517,1.66523,1.66553,1.31,1.50
2017.10.25 02:11:27.444,1.66522,1.66553,2.06,1.00
2017.10.25 02:11:28.196,1.66523,1.66553,1.12,1.50
2017.10.25 02:11:29.824,1.66522,1.66553,1.87,1.50
2017.10.25 02:11:30.360,1.66523,1.66553,1.00,2.25
2017.10.25 02:11:34.607,1.66522,1.66553,2.81,2.25
2017.10.25 02:11:35.129,1.66523,1.66553,1.87,2.25
2017.10.25 02:11:35.934,1.66522,1.66553,2.62,2.25
2017.10.25 02:11:36.480,1.66523,1.66553,2.06,1.50
2017.10.25 02:11:39.334,1.66522,1.66553,3.00,1.00
2017.10.25 02:11:39.638,1.66522,1.66552,2.44,1.00
2017.10.25 02:11:40.456,1.66522,1.66552,3.19,1.00
2017.10.25 02:11:40.962,1.66522,1.66552,2.44,1.00
2017.10.25 02:11:42.850,1.66522,1.66553,2.44,1.00
2017.10.25 02:11:43.908,1.66523,1.66553,1.87,1.00
2017.10.25 02:11:44.449,1.66522,1.66553,1.69,1.00
2017.10.25 02:11:45.936,1.66522,1.66553,2.44,1.50
2017.10.25 02:11:47.267,1.66522,1.66553,2.44,1.50
2017.10.25 02:11:48.002,1.66523,1.66553,1.87,1.50
2017.10.25 02:11:48.713,1.66522,1.66553,2.44,1.50
2017.10.25 02:11:49.778,1.66525,1.66554,1.00,1.00
2017.10.25 02:11:50.612,1.66525,1.66555,1.69,1.50
2017.10.25 02:11:51.276,1.66525,1.66555,1.50,1.37
2017.10.25 02:11:51.603,1.66524,1.66552,1.00,1.37
2017.10.25 02:11:52.230,1.66525,1.66552,1.00,1.87
2017.10.25 02:11:53.058,1.66524,1.66552,1.00,1.87
2017.10.25 02:11:54.054,1.66525,1.66552,1.00,1.87
2017.10.25 02:11:54.105,1.66523,1.66552,1.00,2.62
2017.10.25 02:11:54.608,1.6652,1.66552,1.69,1.87
2017.10.25 02:11:55.660,1.6652,1.66552,2.44,1.87
2017.10.25 02:11:55.987,1.66521,1.66552,1.19,1.87
2017.10.25 02:11:56.545,1.6652,1.66552,3.19,2.62
2017.10.25 02:11:56.698,1.66521,1.66552,1.69,1.37
2017.10.25 02:11:56.850,1.66525,1.66552,1.00,1.12
2017.10.25 02:11:58.770,1.66524,1.66552,1.00,1.00
2017.10.25 02:12:01.611,1.66525,1.66552,1.00,1.00
2017.10.25 02:12:02.311,1.66524,1.66552,1.00,1.00
2017.10.25 02:12:02.958,1.66525,1.66552,1.00,1.00
2017.10.25 02:12:03.959,1.66524,1.66552,1.00,1.00
2017.10.25 02:12:07.774,1.66524,1.66554,1.50,1.00
2017.10.25 02:12:15.337,1.66524,1.66553,1.00,1.00
2017.10.25 02:12:17.807,1.66524,1.66554,1.00,1.50
2017.10.25 02:12:18.736,1.66524,1.66553,1.00,1.00
2017.10.25 02:12:20.976,1.66524,1.66554,1.00,1.50
2017.10.25 02:12:21.974,1.66524,1.66553,1.50,1.00
2017.10.25 02:12:22.540,1.66524,1.66554,1.00,1.50
2017.10.25 02:12:23.729,1.66524,1.66555,1.00,1.00
2017.10.25 02:12:24.369,1.66524,1.66556,1.00,1.12
2017.10.25 02:12:25.870,1.66524,1.66556,2.44,1.37
2017.10.25 02:12:26.382,1.66524,1.66556,1.00,1.31
2017.10.25 02:12:29.942,1.66524,1.66556,1.00,1.62
2017.10.25 02:12:31.226,1.66524,1.66556,1.00,1.37
2017.10.25 02:12:37.750,1.66524,1.66556,1.69,1.62
2017.10.25 02:12:38.274,1.66524,1.66556,1.69,1.37
2017.10.25 02:12:39.148,1.66524,1.66556,1.31,1.37
2017.10.25 02:12:39.831,1.66526,1.66556,1.50,1.00
2017.10.25 02:12:41.070,1.66524,1.66556,1.25,1.12
2017.10.25 02:12:42.952,1.66524,1.66556,1.25,1.37
2017.10.25 02:12:43.486,1.66524,1.66556,1.00,1.12
2017.10.25 02:12:44.218,1.66524,1.66556,1.25,1.37
2017.10.25 02:12:45.453,1.66524,1.66556,1.00,1.12
2017.10.25 02:12:45.967,1.66524,1.66556,1.25,1.37
2017.10.25 02:12:46.838,1.66524,1.66556,1.00,1.12
2017.10.25 02:12:47.554,1.66524,1.66556,1.19,1.37
2017.10.25 02:12:48.596,1.66524,1.66556,1.25,1.12
2017.10.25 02:12:51.238,1.66524,1.66556,1.19,1.37
2017.10.25 02:12:51.768,1.66524,1.66556,1.00,1.37
2017.10.25 02:12:53.217,1.66524,1.66556,1.25,1.37
2017.10.25 02:12:54.047,1.66524,1.66556,1.00,1.37
2017.10.25 02:12:54.370,1.66522,1.66552,1.00,1.62
2017.10.25 02:12:54.421,1.66519,1.66549,1.00,1.37
2017.10.25 02:12:54.927,1.66518,1.66549,1.00,1.37
2017.10.25 02:12:56.186,1.66518,1.66549,1.69,1.37
2017.10.25 02:12:56.737,1.66518,1.66549,1.00,1.37
2017.10.25 02:12:57.704,1.66518,1.66549,1.69,1.37
2017.10.25 02:13:02.680,1.66518,1.66546,1.69,1.00
2017.10.25 02:13:02.731,1.66518,1.66549,1.00,1.00
2017.10.25 02:13:02.782,1.66518,1.66549,1.44,1.00
2017.10.25 02:13:02.884,1.66523,1.66554,1.19,1.12
2017.10.25 02:13:03.806,1.66524,1.66554,1.19,1.12
2017.10.25 02:13:05.189,1.66523,1.66554,1.00,1.00
2017.10.25 02:13:05.290,1.66522,1.66554,1.00,1.56
2017.10.25 02:13:05.632,1.6652,1.66551,1.25,1.37
2017.10.25 02:13:06.223,1.6652,1.66547,1.25,1.00
2017.10.25 02:13:06.325,1.66519,1.66551,1.69,1.37
2017.10.25 02:13:06.430,1.66519,1.66551,1.69,1.37
2017.10.25 02:13:06.968,1.66521,1.66551,1.69,1.00
2017.10.25 02:13:07.282,1.66522,1.66551,1.19,1.12
2017.10.25 02:13:07.928,1.66521,1.66551,1.69,1.00
2017.10.25 02:13:08.797,1.66521,1.66551,1.69,1.00
2017.10.25 02:13:09.946,1.66524,1.66551,1.00,1.00
2017.10.25 02:13:10.452,1.66524,1.66551,1.69,1.00
2017.10.25 02:13:11.153,1.66524,1.66551,1.69,1.00
2017.10.25 02:13:11.812,1.66528,1.66551,1.00,1.00
2017.10.25 02:13:12.240,1.66528,1.66547,1.00,1.00
2017.10.25 02:13:12.291,1.66523,1.66547,1.00,1.00
2017.10.25 02:13:14.838,1.66523,1.66542,1.00,1.00
2017.10.25 02:13:15.874,1.66523,1.66547,1.00,1.00
2017.10.25 02:13:16.005,1.6652,1.66547,1.00,1.00
2017.10.25 02:13:17.382,1.6652,1.66551,1.00,2.06
2017.10.25 02:13:17.433,1.66519,1.66548,1.00,1.37
2017.10.25 02:13:17.534,1.66516,1.66548,1.50,1.31
2017.10.25 02:13:20.244,1.66517,1.66547,1.69,1.37
2017.10.25 02:13:20.295,1.66517,1.66547,1.50,1.37
2017.10.25 02:13:20.498,1.66517,1.66548,1.50,1.00
2017.10.25 02:13:20.667,1.66518,1.66548,1.19,1.37
2017.10.25 02:13:21.208,1.66517,1.66548,1.25,1.37
2017.10.25 02:13:21.310,1.66517,1.66548,1.69,1.00
2017.10.25 02:13:22.227,1.66517,1.66548,1.19,1.00
2017.10.25 02:13:25.839,1.66517,1.66548,1.25,1.00
2017.10.25 02:13:28.176,1.66517,1.66548,2.06,1.00
2017.10.25 02:13:28.971,1.66518,1.66548,2.06,1.37
2017.10.25 02:13:30.028,1.66517,1.66548,3.00,1.00
2017.10.25 02:13:35.065,1.66518,1.66548,2.25,1.12
2017.10.25 02:13:37.013,1.6652,1.66548,1.00,1.00
2017.10.25 02:13:37.279,1.66521,1.66551,1.19,1.12
2017.10.25 02:13:37.840,1.66521,1.66551,1.69,1.00
2017.10.25 02:13:38.805,1.66522,1.66551,1.19,1.00
2017.10.25 02:13:45.259,1.66522,1.66551,1.25,1.00
2017.10.25 02:13:45.508,1.66524,1.66554,1.50,1.00
2017.10.25 02:13:48.204,1.66524,1.66554,1.69,1.00
2017.10.25 02:13:48.754,1.66524,1.66554,1.69,1.00
2017.10.25 02:13:53.426,1.66524,1.66554,1.69,1.00
2017.10.25 02:13:54.608,1.66524,1.66554,1.69,1.00
2017.10.25 02:13:55.901,1.66524,1.66554,1.69,1.00
2017.10.25 02:14:03.673,1.66524,1.66552,1.69,1.00
2017.10.25 02:14:04.302,1.66524,1.66552,1.69,1.00
2017.10.25 02:14:05.343,1.66524,1.66552,1.69,1.00
2017.10.25 02:14:05.852,1.66524,1.66552,1.69,1.00
2017.10.25 02:14:06.386,1.66524,1.66552,1.69,1.00
2017.10.25 02:14:07.331,1.66525,1.66552,1.00,1.00
2017.10.25 02:14:14.179,1.66528,1.66556,1.25,1.00
2017.10.25 02:14:14.281,1.66528,1.66558,1.69,1.00
2017.10.25 02:14:14.429,1.66528,1.66558,1.69,1.00
2017.10.25 02:14:14.970,1.66528,1.66557,1.19,1.00
2017.10.25 02:14:16.236,1.66528,1.66557,1.19,1.00
2017.10.25 02:14:18.689,1.66531,1.66557,1.19,1.00
2017.10.25 02:14:18.943,1.66532,1.66562,1.25,1.50
2017.10.25 02:14:18.994,1.66534,1.66562,1.00,1.50
2017.10.25 02:14:19.824,1.66535,1.66562,1.00,1.50
2017.10.25 02:14:20.337,1.66534,1.66562,1.00,1.50
2017.10.25 02:14:21.712,1.66532,1.66556,1.00,1.00
2017.10.25 02:14:21.881,1.66528,1.66556,1.00,1.00
2017.10.25 02:14:24.025,1.66526,1.66556,1.00,1.50
2017.10.25 02:14:25.079,1.66526,1.66552,1.00,1.00
2017.10.25 02:14:27.218,1.66526,1.66556,1.00,1.00
2017.10.25 02:14:27.321,1.66526,1.66551,1.00,1.00
2017.10.25 02:14:34.607,1.66526,1.66556,1.00,1.00
2017.10.25 02:14:40.508,1.66527,1.66556,1.00,1.00
2017.10.25 02:14:47.334,1.66528,1.6656,1.00,1.27
2017.10.25 02:14:47.846,1.66528,1.6656,1.00,2.77
2017.10.25 02:14:49.422,1.66528,1.6656,1.00,2.02
2017.10.25 02:14:52.294,1.66528,1.6656,1.00,3.52
2017.10.25 02:14:53.728,1.66528,1.6656,1.00,1.27
2017.10.25 02:15:00.657,1.66528,1.66555,1.00,1.00
2017.10.25 02:15:01.336,1.66528,1.66554,1.00,1.00
2017.10.25 02:15:02.045,1.66525,1.66553,1.00,1.00
2017.10.25 02:15:02.603,1.66525,1.66554,1.00,1.50
2017.10.25 02:15:03.614,1.66526,1.66554,1.00,1.50
2017.10.25 02:15:04.135,1.66526,1.66555,1.00,1.50
2017.10.25 02:15:05.018,1.66527,1.66556,1.00,1.00
2017.10.25 02:15:05.933,1.66527,1.66558,1.00,1.00
2017.10.25 02:15:06.194,1.66527,1.66556,1.00,1.00
2017.10.25 02:15:06.439,1.66527,1.66558,1.00,1.00
2017.10.25 02:15:11.041,1.66527,1.66559,1.00,1.69
2017.10.25 02:15:13.388,1.66527,1.66559,1.50,2.44
2017.10.25 02:15:14.193,1.66527,1.66559,1.00,2.44
2017.10.25 02:15:14.960,1.66527,1.66559,1.50,2.44
2017.10.25 02:15:16.989,1.66527,1.66551,1.00,1.00
2017.10.25 02:15:18.187,1.66527,1.66555,1.50,1.00
2017.10.25 02:15:18.288,1.66527,1.66551,1.50,1.00
2017.10.25 02:15:23.000,1.66527,1.66555,1.00,1.00
2017.10.25 02:15:27.229,1.66523,1.66553,1.00,1.00
2017.10.25 02:15:27.280,1.6652,1.66548,1.00,1.00
2017.10.25 02:15:27.584,1.66519,1.66545,1.00,1.00
2017.10.25 02:15:30.507,1.66519,1.66547,1.00,1.00
2017.10.25 02:15:31.272,1.66519,1.66546,1.00,1.00
2017.10.25 02:15:33.054,1.66519,1.66547,1.00,1.00
2017.10.25 02:15:33.583,1.66519,1.66546,1.50,1.00
2017.10.25 02:15:33.844,1.66519,1.66544,1.00,1.00
2017.10.25 02:15:34.355,1.66519,1.66546,1.00,1.50
2017.10.25 02:15:34.898,1.66519,1.66545,1.00,1.00
2017.10.25 02:15:35.719,1.66516,1.66545,3.56,1.00
2017.10.25 02:15:36.149,1.66516,1.66545,3.56,1.50
2017.10.25 02:15:36.250,1.66517,1.66547,1.31,1.00
2017.10.25 02:15:36.475,1.66516,1.66547,1.50,1.00
2017.10.25 02:15:36.526,1.6652,1.66547,1.00,1.00
2017.10.25 02:15:37.029,1.6652,1.66546,1.00,1.00
2017.10.25 02:15:38.119,1.66519,1.66546,1.00,1.00
2017.10.25 02:15:38.589,1.66516,1.66545,1.25,1.00
2017.10.25 02:15:39.162,1.66516,1.66545,1.69,1.00
2017.10.25 02:15:41.029,1.66516,1.66543,1.69,1.00
2017.10.25 02:15:41.668,1.66516,1.66542,2.44,1.00
2017.10.25 02:15:41.719,1.66516,1.66545,1.50,1.00
2017.10.25 02:15:43.021,1.66516,1.66544,1.50,1.00
2017.10.25 02:15:46.789,1.66516,1.66542,1.00,1.00
2017.10.25 02:15:47.444,1.66513,1.66542,1.25,1.00
2017.10.25 02:15:48.237,1.66513,1.66542,1.19,1.00
2017.10.25 02:15:49.253,1.66513,1.66542,1.25,1.00
2017.10.25 02:15:49.761,1.66513,1.66543,1.25,1.00
2017.10.25 02:15:50.845,1.66513,1.66542,1.25,1.00
2017.10.25 02:15:51.368,1.66513,1.66543,1.25,1.00
2017.10.25 02:15:52.400,1.66517,1.66543,1.00,1.00
2017.10.25 02:15:53.003,1.66517,1.66542,1.00,1.00
2017.10.25 02:15:53.805,1.66517,1.66543,1.00,1.00
2017.10.25 02:16:01.754,1.66517,1.66545,1.00,1.00
2017.10.25 02:16:02.972,1.66517,1.66544,1.00,1.00
2017.10.25 02:16:05.484,1.66517,1.66542,1.00,1.00
2017.10.25 02:16:06.815,1.66517,1.66544,1.00,1.00
2017.10.25 02:16:09.020,1.66517,1.66543,1.00,1.00
2017.10.25 02:16:09.632,1.66517,1.66544,1.00,1.50
2017.10.25 02:16:10.357,1.66517,1.66543,1.00,1.00
2017.10.25 02:16:10.893,1.66517,1.66544,1.00,1.50
2017.10.25 02:16:11.381,1.66514,1.66542,1.69,1.00
2017.10.25 02:16:11.923,1.66514,1.66543,1.19,1.00
2017.10.25 02:16:23.463,1.66515,1.66543,2.25,1.00
2017.10.25 02:16:24.004,1.66515,1.66543,1.50,1.50
2017.10.25 02:16:25.471,1.66516,1.66543,1.19,1.00
2017.10.25 02:16:26.102,1.66515,1.66543,1.19,1.00
2017.10.25 02:16:29.053,1.66514,1.66543,1.69,1.00
2017.10.25 02:16:30.033,1.66515,1.66543,1.31,1.00
2017.10.25 02:16:30.376,1.66515,1.66546,3.00,1.50
2017.10.25 02:16:30.427,1.66517,1.66546,1.19,1.00
2017.10.25 02:16:30.479,1.66518,1.6655,2.44,2.25
2017.10.25 02:16:30.631,1.6652,1.6655,1.19,1.50
2017.10.25 02:16:31.561,1.66522,1.6655,1.19,1.00
2017.10.25 02:16:32.771,1.66522,1.6655,1.19,1.00
2017.10.25 02:16:33.302,1.66522,1.6655,1.19,1.00
2017.10.25 02:16:34.002,1.66522,1.6655,1.25,1.00
2017.10.25 02:16:38.341,1.66522,1.6655,1.19,1.00
2017.10.25 02:16:39.052,1.66523,1.66551,1.25,2.25
2017.10.25 02:16:41.403,1.66523,1.6655,1.00,1.00
2017.10.25 02:16:42.072,1.66523,1.66551,1.00,1.50
2017.10.25 02:16:43.032,1.66523,1.6655,1.00,1.00
2017.10.25 02:16:43.721,1.66523,1.66551,1.00,2.25
2017.10.25 02:16:56.894,1.6652,1.66551,1.00,3.00
2017.10.25 02:16:56.945,1.6652,1.66549,1.00,1.00
2017.10.25 02:16:57.248,1.6652,1.66547,1.00,1.00
2017.10.25 02:16:58.473,1.6652,1.66548,1.00,1.50
2017.10.25 02:17:02.045,1.6652,1.66547,1.00,1.00
2017.10.25 02:17:02.553,1.66521,1.66547,1.00,1.00
2017.10.25 02:17:02.604,1.66519,1.66546,1.00,1.00
2017.10.25 02:17:02.706,1.66516,1.66546,1.00,1.50
2017.10.25 02:17:03.345,1.66517,1.66546,1.00,1.50
2017.10.25 02:17:06.825,1.66516,1.66545,1.25,1.00
2017.10.25 02:17:07.371,1.66516,1.66546,1.25,1.50
2017.10.25 02:17:08.642,1.66516,1.66545,1.00,1.00
2017.10.25 02:17:09.369,1.66516,1.66546,1.00,1.50
2017.10.25 02:17:11.197,1.66516,1.66545,1.00,1.00
2017.10.25 02:17:18.947,1.66517,1.66545,1.00,1.50
2017.10.25 02:17:19.610,1.66517,1.66544,1.00,1.00
2017.10.25 02:17:24.397,1.66515,1.66544,1.25,1.50
2017.10.25 02:17:24.498,1.66512,1.66543,4.50,1.00
2017.10.25 02:17:25.126,1.66513,1.66543,2.25,1.50
2017.10.25 02:17:25.887,1.66512,1.66543,2.81,1.50
2017.10.25 02:17:26.548,1.66513,1.66544,1.25,1.50
2017.10.25 02:17:27.766,1.66512,1.66543,3.75,1.00
2017.10.25 02:17:28.380,1.66513,1.66543,2.25,1.00
2017.10.25 02:17:29.297,1.66512,1.66543,3.37,1.00
2017.10.25 02:17:29.849,1.66512,1.66544,3.19,1.50
2017.10.25 02:17:31.214,1.66512,1.66543,3.19,1.00
2017.10.25 02:17:38.190,1.66512,1.66544,3.19,2.25
2017.10.25 02:17:39.068,1.66513,1.66543,1.69,1.00
2017.10.25 02:17:39.581,1.66513,1.66544,1.56,1.50
2017.10.25 02:17:40.125,1.66514,1.66543,2.06,1.00
2017.10.25 02:17:40.775,1.66514,1.66544,1.31,1.50
2017.10.25 02:17:42.017,1.66514,1.66543,1.50,1.00
2017.10.25 02:17:42.524,1.66515,1.66543,1.25,1.00
2017.10.25 02:17:43.977,1.66514,1.66544,1.69,2.25
2017.10.25 02:17:44.508,1.66515,1.66544,1.12,1.50
2017.10.25 02:17:45.036,1.66514,1.66544,1.25,1.50
2017.10.25 02:17:45.583,1.66515,1.66544,1.12,1.50
2017.10.25 02:17:46.206,1.66514,1.66544,1.12,1.50
2017.10.25 02:17:46.723,1.66515,1.66543,1.00,1.00
2017.10.25 02:17:47.265,1.66514,1.66544,1.25,1.50
2017.10.25 02:17:49.097,1.66515,1.66544,1.25,1.50
2017.10.25 02:17:49.644,1.66514,1.66544,1.00,1.50
2017.10.25 02:17:50.493,1.66515,1.66544,1.00,2.25
2017.10.25 02:17:51.009,1.66514,1.66544,1.69,2.25
2017.10.25 02:17:51.940,1.66515,1.66544,1.25,1.50
2017.10.25 02:17:52.442,1.66514,1.66544,1.12,1.50
2017.10.25 02:17:55.557,1.66515,1.66544,1.12,1.50
2017.10.25 02:17:58.702,1.66514,1.66544,1.69,2.25
2017.10.25 02:18:01.215,1.66515,1.66544,1.25,1.50
2017.10.25 02:18:01.267,1.66512,1.6654,1.00,1.00
2017.10.25 02:18:01.571,1.66507,1.66537,1.56,1.00
2017.10.25 02:18:01.725,1.66507,1.66537,1.12,1.00
2017.10.25 02:18:01.928,1.66508,1.66538,1.19,1.00
2017.10.25 02:18:02.437,1.66509,1.66537,1.25,1.00
2017.10.25 02:18:02.943,1.66508,1.66536,1.12,1.00
2017.10.25 02:18:04.544,1.66509,1.66536,1.19,1.00
2017.10.25 02:18:04.597,1.66508,1.66538,3.56,1.00
2017.10.25 02:18:04.698,1.66508,1.66539,1.69,1.00
2017.10.25 02:18:04.749,1.66509,1.66537,1.25,1.50
2017.10.25 02:18:06.269,1.66508,1.66537,1.69,1.00
2017.10.25 02:18:06.793,1.66509,1.66536,1.00,1.00
2017.10.25 02:18:07.298,1.66508,1.66536,1.87,1.00
2017.10.25 02:18:08.618,1.66508,1.66536,3.56,1.00
2017.10.25 02:18:08.770,1.66512,1.6654,1.00,2.25
2017.10.25 02:18:09.314,1.66511,1.6654,1.00,2.25
2017.10.25 02:18:09.365,1.66508,1.66537,3.94,1.00
2017.10.25 02:18:09.945,1.66508,1.66536,2.44,1.00
2017.10.25 02:18:10.098,1.66508,1.66538,2.44,1.00
2017.10.25 02:18:11.294,1.66509,1.66537,1.19,1.00
2017.10.25 02:18:11.851,1.66508,1.66538,2.81,1.00
2017.10.25 02:18:12.469,1.66509,1.66538,1.31,1.00
2017.10.25 02:18:13.640,1.66508,1.66535,1.25,1.00
2017.10.25 02:18:14.184,1.66507,1.66536,2.06,1.00
2017.10.25 02:18:14.913,1.66507,1.66537,1.19,2.25
2017.10.25 02:18:15.701,1.66508,1.66536,1.19,1.00
2017.10.25 02:18:16.236,1.66507,1.66536,1.19,1.00
2017.10.25 02:18:16.796,1.66508,1.66536,1.19,1.00
2017.10.25 02:18:17.208,1.66507,1.66536,1.00,1.00
2017.10.25 02:18:18.048,1.66508,1.66536,1.25,1.00
2017.10.25 02:18:18.716,1.66507,1.66536,1.00,1.00
2017.10.25 02:18:23.395,1.66508,1.66536,1.00,1.00
2017.10.25 02:18:23.955,1.66507,1.66536,1.00,1.00
2017.10.25 02:18:24.563,1.66508,1.66536,1.00,1.00
2017.10.25 02:18:25.103,1.66507,1.66536,1.00,1.00
2017.10.25 02:18:25.604,1.66508,1.66536,1.00,1.00
2017.10.25 02:18:26.145,1.66507,1.66536,1.00,1.00
2017.10.25 02:18:26.997,1.66507,1.66535,1.00,1.00
2017.10.25 02:18:27.802,1.66508,1.66535,1.00,1.00
2017.10.25 02:18:29.895,1.66506,1.66535,1.31,1.00
2017.10.25 02:18:30.986,1.66505,1.66535,2.25,1.00
2017.10.25 02:18:31.514,1.66505,1.66534,2.81,1.00
2017.10.25 02:18:32.153,1.66505,1.66535,2.81,1.00
2017.10.25 02:18:34.155,1.66505,1.66534,2.81,1.00
2017.10.25 02:18:34.628,1.66505,1.66534,1.25,1.00
2017.10.25 02:18:35.163,1.66505,1.66535,1.25,1.50
2017.10.25 02:18:36.639,1.66505,1.66534,1.25,1.00
2017.10.25 02:18:42.896,1.66505,1.66534,2.06,1.50
2017.10.25 02:18:43.049,1.66504,1.66533,1.00,1.00
2017.10.25 02:18:43.101,1.66502,1.66532,1.00,1.00
2017.10.25 02:18:43.202,1.66502,1.6653,1.00,1.00
2017.10.25 02:18:44.700,1.66502,1.66531,1.00,1.50
2017.10.25 02:18:46.782,1.66502,1.66532,1.00,1.50
2017.10.25 02:18:47.331,1.66502,1.66531,1.00,1.50
2017.10.25 02:18:49.366,1.66502,1.66532,1.00,1.00
2017.10.25 02:18:50.507,1.66502,1.66532,1.37,1.00
2017.10.25 02:18:51.094,1.66502,1.66533,1.37,1.50
2017.10.25 02:18:52.142,1.66502,1.66533,1.12,1.50
2017.10.25 02:18:52.747,1.66502,1.66532,1.12,1.00
2017.10.25 02:18:53.377,1.66502,1.66531,1.12,1.00
2017.10.25 02:18:53.658,1.66502,1.66533,1.25,1.50
2017.10.25 02:18:53.709,1.66502,1.66531,1.00,1.00
2017.10.25 02:18:54.268,1.66502,1.66532,1.31,1.50
2017.10.25 02:18:55.716,1.66502,1.6653,1.00,1.00
2017.10.25 02:18:56.499,1.66502,1.66531,1.00,1.50
2017.10.25 02:19:01.253,1.66502,1.6653,1.00,1.00
2017.10.25 02:19:01.304,1.66499,1.66529,1.25,1.00
2017.10.25 02:19:01.456,1.66498,1.66526,1.00,1.00
2017.10.25 02:19:01.804,1.66498,1.66524,1.00,1.00
2017.10.25 02:19:09.738,1.66498,1.66525,1.00,1.00
2017.10.25 02:19:10.302,1.66497,1.66525,1.12,1.50
2017.10.25 02:19:10.797,1.66495,1.66524,1.00,1.50
2017.10.25 02:19:11.326,1.66495,1.66523,1.00,1.50
2017.10.25 02:19:11.613,1.66495,1.66523,1.19,1.00
2017.10.25 02:19:12.280,1.66495,1.66524,1.19,1.00
2017.10.25 02:19:12.824,1.66499,1.66527,1.69,1.00
2017.10.25 02:19:12.875,1.66503,1.66531,1.25,1.50
2017.10.25 02:19:12.977,1.66503,1.66533,1.25,1.50
2017.10.25 02:19:13.079,1.66505,1.66533,1.00,1.00
2017.10.25 02:19:13.603,1.66504,1.66534,1.00,1.00
2017.10.25 02:19:14.424,1.66504,1.66533,1.25,1.00
2017.10.25 02:19:14.985,1.66505,1.66534,1.00,1.50
2017.10.25 02:19:15.583,1.66505,1.66533,1.00,1.00
2017.10.25 02:19:17.141,1.66504,1.66534,1.19,1.50
2017.10.25 02:19:17.667,1.66504,1.66534,1.25,1.00
2017.10.25 02:19:18.160,1.66501,1.66529,1.00,1.00
2017.10.25 02:19:18.531,1.66497,1.66525,1.00,1.00
2017.10.25 02:19:18.683,1.66497,1.66527,1.00,1.00
2017.10.25 02:19:19.645,1.66497,1.66527,1.19,1.00
2017.10.25 02:19:19.696,1.66497,1.66529,1.19,1.50
2017.10.25 02:19:20.237,1.66497,1.66528,1.19,1.00
2017.10.25 02:19:20.622,1.66497,1.66526,1.25,1.00
2017.10.25 02:19:22.969,1.66497,1.66527,1.00,1.00
2017.10.25 02:19:23.304,1.66497,1.66525,1.00,1.00
2017.10.25 02:19:28.418,1.66497,1.66528,1.19,1.00
2017.10.25 02:19:28.803,1.66497,1.66528,1.25,1.00
2017.10.25 02:19:28.904,1.66497,1.66526,1.00,1.00
2017.10.25 02:19:29.056,1.66491,1.66523,1.19,1.50
2017.10.25 02:19:29.107,1.66491,1.66521,1.19,1.00
2017.10.25 02:19:29.642,1.66491,1.66522,1.19,1.50
2017.10.25 02:19:30.185,1.66491,1.66522,1.19,1.00
2017.10.25 02:19:30.707,1.66492,1.66523,1.19,2.25
2017.10.25 02:19:31.101,1.66491,1.66522,3.19,1.00
2017.10.25 02:19:31.622,1.66491,1.66523,2.44,2.25
2017.10.25 02:19:33.784,1.66491,1.66522,1.69,1.00
2017.10.25 02:19:34.825,1.66491,1.66523,1.19,2.25
2017.10.25 02:19:35.452,1.66491,1.66522,2.44,1.00
2017.10.25 02:19:36.197,1.66491,1.66523,1.69,1.50
2017.10.25 02:19:38.234,1.66491,1.66522,2.44,1.00
2017.10.25 02:19:38.837,1.66491,1.66523,1.69,1.50
2017.10.25 02:19:39.499,1.66491,1.66522,2.44,1.00
2017.10.25 02:19:40.159,1.66491,1.66523,1.69,2.25
2017.10.25 02:19:41.006,1.66493,1.66523,1.19,2.25
2017.10.25 02:19:41.516,1.66492,1.66523,1.19,1.50
2017.10.25 02:19:42.746,1.66492,1.66521,1.25,1.00
2017.10.25 02:19:43.126,1.66491,1.66519,1.25,1.00
2017.10.25 02:19:43.709,1.66491,1.6652,1.00,1.50
2017.10.25 02:19:44.184,1.66493,1.6652,1.25,1.00
2017.10.25 02:19:44.845,1.66492,1.6652,1.25,1.00
2017.10.25 02:19:45.507,1.66491,1.66521,1.31,1.00
2017.10.25 02:19:46.461,1.66491,1.6652,2.06,1.00
2017.10.25 02:19:47.229,1.66491,1.66521,2.06,1.00
2017.10.25 02:19:47.889,1.66491,1.66521,1.31,1.00
2017.10.25 02:19:48.299,1.66493,1.66523,1.19,2.25
2017.10.25 02:19:48.871,1.66493,1.66522,1.19,1.00
2017.10.25 02:19:49.945,1.66492,1.66522,1.19,1.00
2017.10.25 02:19:50.497,1.66493,1.66523,1.69,2.25
2017.10.25 02:19:51.044,1.66493,1.66522,1.69,1.00
2017.10.25 02:19:51.633,1.66493,1.66522,1.56,1.50
2017.10.25 02:19:52.152,1.66493,1.66523,1.56,2.25
2017.10.25 02:19:52.653,1.66493,1.66523,2.06,2.25
2017.10.25 02:19:53.264,1.66491,1.66522,1.87,1.50
2017.10.25 02:19:53.365,1.66491,1.6652,2.06,1.00
2017.10.25 02:19:53.899,1.66491,1.66521,1.69,1.00
2017.10.25 02:19:54.521,1.66491,1.66521,1.69,1.00
2017.10.25 02:19:54.572,1.66491,1.66523,1.69,1.00
2017.10.25 02:19:55.560,1.66491,1.66523,1.50,1.00
2017.10.25 02:19:56.636,1.66492,1.66523,1.00,1.25
2017.10.25 02:19:56.738,1.66491,1.66521,1.00,1.00
2017.10.25 02:19:57.155,1.66491,1.66523,1.25,1.69
2017.10.25 02:19:58.365,1.66491,1.66522,1.00,1.00
2017.10.25 02:19:59.958,1.66491,1.66523,1.25,1.00
2017.10.25 02:20:00.499,1.66494,1.66526,1.25,1.50
2017.10.25 02:20:00.803,1.66494,1.66524,1.00,1.00
2017.10.25 02:20:02.555,1.66494,1.66524,1.00,1.19
2017.10.25 02:20:03.075,1.66494,1.66524,1.00,1.19
2017.10.25 02:20:04.455,1.66494,1.66526,1.00,1.69
2017.10.25 02:20:07.691,1.66494,1.66526,1.00,1.69
2017.10.25 02:20:08.496,1.66494,1.66526,1.00,1.69
2017.10.25 02:20:09.787,1.66494,1.66526,1.00,1.69
2017.10.25 02:20:10.397,1.66494,1.66526,1.00,1.25
2017.10.25 02:20:11.350,1.66494,1.66526,1.00,1.19
2017.10.25 02:20:12.137,1.66494,1.66525,1.00,1.19
2017.10.25 02:20:12.749,1.66494,1.66524,1.00,1.19
2017.10.25 02:20:16.949,1.66494,1.66523,1.00,1.25
2017.10.25 02:20:23.753,1.66494,1.66521,1.00,1.00
2017.10.25 02:20:24.085,1.6649,1.66516,1.00,1.00
2017.10.25 02:20:25.100,1.66489,1.66518,1.12,1.00
2017.10.25 02:20:25.202,1.66491,1.66518,1.00,1.00
2017.10.25 02:20:25.456,1.66492,1.66521,1.87,1.00
2017.10.25 02:20:25.974,1.66492,1.66522,1.87,1.00
2017.10.25 02:20:26.025,1.66492,1.66522,2.06,1.00
2017.10.25 02:20:26.076,1.66492,1.66524,3.00,1.50
2017.10.25 02:20:26.608,1.66493,1.66524,1.75,1.50
2017.10.25 02:20:28.908,1.66493,1.66523,1.56,1.00
2017.10.25 02:20:29.728,1.66493,1.66524,1.31,1.00
2017.10.25 02:20:34.857,1.66493,1.66524,2.06,1.00
2017.10.25 02:20:35.464,1.66493,1.66524,1.31,1.00
2017.10.25 02:20:38.282,1.66493,1.66524,2.06,1.00
2017.10.25 02:20:40.432,1.66493,1.66524,1.31,1.00
2017.10.25 02:20:42.396,1.66493,1.66524,2.06,1.00
2017.10.25 02:20:44.969,1.66493,1.66524,1.31,1.00
2017.10.25 02:20:47.851,1.66493,1.66524,2.06,1.00
2017.10.25 02:20:48.552,1.66493,1.66523,2.06,1.00
2017.10.25 02:20:49.307,1.66493,1.66524,2.06,1.00
2017.10.25 02:20:49.887,1.66493,1.66524,2.06,1.00
2017.10.25 02:20:50.437,1.66493,1.66524,2.06,1.00
2017.10.25 02:20:50.776,1.66494,1.66524,1.31,1.00
2017.10.25 02:20:53.036,1.66501,1.66527,1.19,1.50
2017.10.25 02:20:53.184,1.665,1.6653,1.69,1.00
2017.10.25 02:20:53.235,1.66508,1.66531,1.00,1.00
2017.10.25 02:20:53.287,1.66507,1.66534,1.00,1.00
2017.10.25 02:20:53.542,1.66508,1.66534,1.19,1.00
2017.10.25 02:20:54.547,1.66511,1.66534,1.00,1.00
2017.10.25 02:20:56.660,1.66511,1.66537,1.00,1.00
2017.10.25 02:20:56.812,1.66509,1.66537,1.00,2.25
2017.10.25 02:20:56.965,1.66507,1.66536,1.50,1.00
2017.10.25 02:20:58.555,1.66507,1.66535,1.00,1.00
2017.10.25 02:21:01.558,1.66503,1.66532,2.25,1.00
2017.10.25 02:21:02.101,1.66503,1.66533,1.50,1.00
2017.10.25 02:21:02.253,1.66503,1.66531,1.00,1.00
2017.10.25 02:21:02.491,1.66503,1.66533,1.00,1.00
2017.10.25 02:21:03.310,1.66503,1.66533,1.19,1.00
2017.10.25 02:21:03.815,1.66503,1.66534,1.19,1.50
2017.10.25 02:21:04.895,1.66503,1.66533,2.62,1.00
2017.10.25 02:21:05.004,1.66503,1.66531,1.00,1.00
2017.10.25 02:21:05.568,1.66503,1.66532,1.87,2.25
2017.10.25 02:21:06.339,1.66502,1.66532,1.87,2.25
2017.10.25 02:21:06.995,1.66503,1.66532,1.87,2.25
2017.10.25 02:21:07.655,1.66502,1.66532,1.87,1.50
2017.10.25 02:21:09.336,1.66503,1.66531,2.06,1.00
2017.10.25 02:21:09.856,1.66503,1.66532,2.06,1.50
2017.10.25 02:21:10.536,1.66502,1.66532,1.87,1.50
2017.10.25 02:21:11.597,1.66503,1.66532,2.06,1.50
2017.10.25 02:21:12.099,1.66502,1.66532,1.87,1.50
2017.10.25 02:21:12.650,1.66502,1.66531,1.50,1.00
2017.10.25 02:21:13.244,1.66502,1.66532,1.00,1.50
2017.10.25 02:21:13.566,1.66502,1.6653,1.00,1.00
2017.10.25 02:21:14.080,1.66503,1.66532,1.00,2.44
2017.10.25 02:21:14.232,1.66502,1.6653,1.00,1.00
2017.10.25 02:21:14.854,1.66503,1.66531,1.00,1.00
2017.10.25 02:21:15.614,1.66503,1.6653,1.00,1.00
2017.10.25 02:21:16.333,1.66502,1.6653,1.00,1.00
2017.10.25 02:21:16.384,1.66502,1.66532,1.00,2.25
2017.10.25 02:21:16.934,1.66502,1.6653,1.00,1.00
2017.10.25 02:21:17.603,1.66502,1.66531,1.00,1.00
2017.10.25 02:21:20.293,1.66502,1.66532,1.00,2.25
2017.10.25 02:21:25.637,1.66501,1.66529,1.00,1.00
2017.10.25 02:21:25.739,1.66498,1.66528,2.06,1.00
2017.10.25 02:21:26.452,1.66497,1.66528,4.50,1.00
2017.10.25 02:21:27.024,1.66498,1.66528,1.25,1.50
2017.10.25 02:21:27.397,1.66501,1.66528,1.00,1.00
2017.10.25 02:21:27.965,1.66502,1.66528,1.00,1.00
2017.10.25 02:21:29.609,1.66501,1.66528,1.00,1.50
2017.10.25 02:21:34.369,1.66508,1.66528,1.00,1.00
2017.10.25 02:21:34.420,1.66508,1.66532,1.00,1.00
2017.10.25 02:21:34.967,1.66508,1.66533,1.00,1.50
2017.10.25 02:21:37.579,1.66509,1.66533,1.00,3.19
2017.10.25 02:21:37.767,1.66511,1.66533,1.00,1.00
2017.10.25 02:21:38.661,1.6651,1.66533,1.00,2.44
2017.10.25 02:21:42.334,1.66509,1.66533,1.50,1.00
2017.10.25 02:21:43.736,1.6651,1.66533,1.00,1.00
2017.10.25 02:21:44.957,1.66509,1.66533,1.00,1.00
2017.10.25 02:21:45.572,1.66514,1.66536,1.00,1.00
2017.10.25 02:21:46.074,1.66515,1.66536,1.00,1.00
2017.10.25 02:21:47.400,1.66514,1.66536,1.50,1.00
2017.10.25 02:21:47.952,1.66514,1.66537,1.50,1.00
2017.10.25 02:21:57.476,1.66515,1.66537,1.00,1.25
2017.10.25 02:21:57.578,1.66511,1.66536,1.00,1.19
2017.10.25 02:21:58.251,1.6651,1.66537,1.00,2.25
2017.10.25 02:21:58.302,1.66511,1.66536,1.00,1.19
2017.10.25 02:21:58.905,1.6651,1.66536,1.00,1.25
2017.10.25 02:22:04.706,1.66511,1.66537,1.00,2.44
2017.10.25 02:22:05.255,1.6651,1.66536,1.00,1.25
2017.10.25 02:22:05.848,1.66511,1.66536,1.00,1.19
2017.10.25 02:22:06.397,1.6651,1.66536,1.00,1.25
2017.10.25 02:22:10.469,1.66511,1.66536,1.00,1.19
2017.10.25 02:22:11.867,1.6651,1.66536,1.00,1.25
2017.10.25 02:22:12.535,1.6651,1.66535,1.00,1.00
2017.10.25 02:22:13.181,1.66511,1.66535,1.00,1.25
2017.10.25 02:22:13.687,1.6651,1.66535,1.00,1.00
2017.10.25 02:22:20.323,1.66511,1.66535,1.00,1.19
2017.10.25 02:22:21.759,1.66511,1.66535,1.00,1.00
2017.10.25 02:22:22.299,1.6651,1.66535,1.00,1.00
2017.10.25 02:22:23.170,1.66511,1.66535,1.00,1.00
2017.10.25 02:22:23.478,1.66517,1.66535,1.00,1.00
2017.10.25 02:22:23.630,1.66521,1.66544,1.00,1.25
2017.10.25 02:22:24.159,1.66522,1.66544,1.00,1.00
2017.10.25 02:22:24.311,1.66528,1.66544,1.00,1.00
2017.10.25 02:22:24.362,1.66527,1.66549,1.00,1.00
2017.10.25 02:22:24.574,1.66527,1.66551,1.00,1.00
2017.10.25 02:22:24.625,1.66532,1.66553,1.00,1.00
2017.10.25 02:22:24.727,1.66528,1.66554,1.00,1.00
2017.10.25 02:22:25.265,1.66529,1.66554,1.00,1.00
2017.10.25 02:22:26.638,1.66528,1.66554,1.00,1.00
2017.10.25 02:22:27.308,1.66529,1.66554,1.00,1.00
2017.10.25 02:22:34.726,1.66528,1.66554,1.00,1.00
2017.10.25 02:22:35.428,1.66528,1.66553,1.00,1.00
2017.10.25 02:22:36.685,1.66528,1.66554,1.00,1.50
2017.10.25 02:22:37.870,1.66528,1.66553,1.00,1.50
2017.10.25 02:22:37.971,1.66528,1.66551,1.00,1.00
2017.10.25 02:22:38.458,1.66526,1.66551,1.00,1.00
2017.10.25 02:22:39.076,1.66525,1.66551,1.00,1.50
2017.10.25 02:22:41.326,1.66525,1.66549,1.00,1.00
2017.10.25 02:22:44.566,1.66524,1.6655,2.25,1.00
2017.10.25 02:22:45.116,1.66525,1.66551,1.00,1.00
2017.10.25 02:22:45.874,1.66524,1.66552,1.50,2.25
2017.10.25 02:22:46.775,1.66525,1.66551,1.00,1.00
2017.10.25 02:22:47.314,1.66525,1.66552,1.00,3.00
2017.10.25 02:22:47.837,1.66526,1.66552,1.00,2.25
2017.10.25 02:22:49.095,1.66525,1.66552,1.00,2.25
2017.10.25 02:22:49.413,1.66534,1.66559,1.50,1.00
2017.10.25 02:22:50.238,1.66535,1.66559,1.00,1.00
2017.10.25 02:22:52.548,1.66534,1.66559,1.00,1.00
2017.10.25 02:22:54.245,1.66534,1.6656,1.50,1.00
2017.10.25 02:22:54.854,1.66535,1.6656,1.00,1.00
2017.10.25 02:22:59.583,1.66531,1.66554,1.00,1.00
2017.10.25 02:22:59.994,1.66529,1.66551,1.00,1.00
2017.10.25 02:23:00.577,1.66527,1.66551,1.00,1.00
2017.10.25 02:23:01.133,1.66527,1.66552,1.00,1.00
2017.10.25 02:23:01.794,1.66527,1.66553,1.00,1.00
2017.10.25 02:23:07.176,1.66528,1.66552,1.00,1.00
2017.10.25 02:23:09.284,1.66527,1.66553,1.00,1.00
2017.10.25 02:23:17.790,1.66528,1.66552,1.00,1.00
2017.10.25 02:23:18.370,1.66527,1.66553,1.00,1.50
2017.10.25 02:23:19.140,1.66528,1.66552,1.00,1.00
2017.10.25 02:23:20.065,1.66527,1.66553,1.00,1.00
2017.10.25 02:23:22.391,1.66528,1.66552,1.00,1.00
2017.10.25 02:23:23.049,1.66527,1.66553,1.00,1.50
2017.10.25 02:23:28.495,1.66528,1.66552,1.00,1.00
2017.10.25 02:23:29.936,1.66527,1.66553,1.00,1.00
2017.10.25 02:23:37.079,1.66527,1.66552,1.50,1.00
2017.10.25 02:23:37.180,1.66523,1.66548,1.00,1.00
2017.10.25 02:23:37.332,1.6652,1.66547,1.00,1.50
2017.10.25 02:23:37.905,1.66521,1.66546,1.00,1.00
2017.10.25 02:23:41.088,1.6652,1.66546,1.00,1.00
2017.10.25 02:23:43.113,1.66521,1.66546,1.00,1.00
2017.10.25 02:23:43.845,1.6652,1.66546,1.00,1.00
2017.10.25 02:23:45.962,1.66521,1.66546,1.00,1.00
2017.10.25 02:23:47.008,1.6652,1.66546,1.00,1.00
2017.10.25 02:23:47.567,1.66521,1.66546,1.00,1.00
2017.10.25 02:23:51.226,1.6652,1.66546,1.00,1.00
2017.10.25 02:23:51.934,1.66521,1.66546,1.00,1.00
2017.10.25 02:23:52.694,1.6652,1.66546,1.00,1.00
2017.10.25 02:23:55.661,1.66521,1.66546,1.00,1.00
2017.10.25 02:23:56.077,1.66523,1.66546,1.00,1.50
2017.10.25 02:23:56.616,1.66522,1.66546,1.50,1.00
2017.10.25 02:23:57.547,1.66523,1.66546,1.00,1.50
2017.10.25 02:23:58.157,1.66522,1.66546,1.50,1.00
2017.10.25 02:23:59.891,1.66523,1.66546,1.50,1.00
2017.10.25 02:23:59.942,1.66523,1.66548,1.50,1.50
2017.10.25 02:24:00.487,1.66522,1.66549,1.50,1.50
2017.10.25 02:24:01.223,1.66523,1.66548,1.00,1.50
2017.10.25 02:24:01.737,1.66522,1.66548,1.50,1.50
2017.10.25 02:24:02.401,1.66523,1.66548,1.00,1.69
2017.10.25 02:24:03.645,1.66522,1.66548,1.50,1.69
2017.10.25 02:24:04.050,1.66523,1.6655,1.00,1.00
2017.10.25 02:24:05.556,1.66522,1.6655,1.50,1.00
2017.10.25 02:24:11.545,1.66523,1.6655,1.00,1.00
2017.10.25 02:24:12.123,1.66522,1.6655,1.50,1.00
2017.10.25 02:24:12.849,1.66525,1.6655,1.00,1.00
2017.10.25 02:24:13.452,1.66526,1.6655,1.00,1.00
2017.10.25 02:24:15.511,1.66526,1.66554,1.00,1.00
2017.10.25 02:24:15.562,1.66529,1.66554,1.00,1.00
2017.10.25 02:24:15.765,1.6653,1.66557,1.00,1.50
2017.10.25 02:24:22.586,1.66529,1.66557,1.00,1.00
2017.10.25 02:24:23.160,1.66529,1.66556,1.50,1.00
2017.10.25 02:24:23.462,1.66534,1.66556,1.00,1.00
2017.10.25 02:24:24.108,1.66533,1.66556,1.00,1.00
2017.10.25 02:24:24.729,1.66534,1.66556,1.00,1.00
2017.10.25 02:24:26.994,1.66533,1.66556,1.00,1.00
2017.10.25 02:24:27.700,1.66533,1.66558,1.00,1.00
2017.10.25 02:24:28.040,1.66533,1.6656,1.00,1.25
2017.10.25 02:24:29.195,1.66533,1.6656,1.00,1.19
2017.10.25 02:24:29.886,1.66529,1.6656,1.00,1.19
2017.10.25 02:24:31.819,1.6653,1.66559,1.00,1.19
2017.10.25 02:24:32.364,1.66529,1.66559,1.00,1.25
2017.10.25 02:24:34.964,1.66529,1.66559,1.50,1.19
2017.10.25 02:24:35.800,1.6653,1.66559,1.00,1.19
2017.10.25 02:24:36.610,1.66529,1.66559,1.50,1.19
2017.10.25 02:24:39.862,1.6653,1.66558,1.00,1.19
2017.10.25 02:24:40.371,1.66529,1.66558,1.00,1.19
2017.10.25 02:24:47.491,1.66529,1.66558,1.00,1.25
2017.10.25 02:24:48.037,1.6653,1.66559,1.00,1.19
2017.10.25 02:24:50.197,1.66529,1.66559,1.00,1.19
2017.10.25 02:24:50.797,1.6653,1.66559,1.00,1.19
2017.10.25 02:24:51.312,1.66529,1.66559,1.00,1.69
2017.10.25 02:24:56.659,1.66529,1.6656,1.00,1.19
2017.10.25 02:24:57.268,1.6653,1.6656,1.00,1.31
2017.10.25 02:25:01.908,1.66529,1.6656,1.00,1.19
2017.10.25 02:25:02.447,1.66529,1.6656,1.00,1.25
2017.10.25 02:25:09.743,1.66529,1.6656,1.00,1.19
2017.10.25 02:25:10.257,1.66528,1.6656,1.00,1.19
2017.10.25 02:25:27.170,1.66526,1.66561,1.00,2.40
2017.10.25 02:25:29.886,1.66527,1.66561,1.00,2.40
2017.10.25 02:25:30.496,1.66528,1.66561,1.00,2.40
2017.10.25 02:25:31.448,1.66529,1.6656,1.00,1.31
2017.10.25 02:25:32.026,1.66528,1.66561,1.00,2.77
2017.10.25 02:25:35.317,1.66529,1.66559,1.00,1.19
2017.10.25 02:25:36.723,1.66528,1.66559,1.00,1.25
2017.10.25 02:25:39.099,1.66529,1.66559,1.00,1.19
2017.10.25 02:25:40.875,1.66528,1.66558,1.00,1.00
2017.10.25 02:25:48.389,1.66527,1.66558,1.00,1.19
2017.10.25 02:25:50.680,1.66526,1.6656,1.00,1.19
2017.10.25 02:25:55.499,1.66527,1.6656,1.00,1.69
2017.10.25 02:25:56.550,1.66526,1.66561,1.00,2.44
2017.10.25 02:26:00.095,1.66526,1.66556,1.00,1.00
2017.10.25 02:26:00.925,1.66527,1.66556,1.00,1.25
2017.10.25 02:26:02.645,1.66526,1.66556,1.00,1.00
2017.10.25 02:26:07.452,1.66528,1.66556,1.00,1.25
2017.10.25 02:26:08.820,1.66527,1.66556,1.50,1.00
2017.10.25 02:26:09.888,1.66528,1.66556,1.00,1.25
2017.10.25 02:26:12.372,1.66527,1.66556,1.00,1.00
2017.10.25 02:26:17.768,1.66528,1.66556,1.00,1.25
2017.10.25 02:26:29.939,1.66526,1.66556,1.00,1.00
2017.10.25 02:26:47.598,1.66525,1.66556,1.00,1.00
2017.10.25 02:27:00.101,1.66525,1.66559,1.00,2.81
2017.10.25 02:27:04.097,1.66526,1.66557,1.00,1.19
2017.10.25 02:27:04.201,1.66526,1.66553,1.00,1.00
2017.10.25 02:27:04.812,1.66525,1.66553,1.00,1.00
2017.10.25 02:27:05.939,1.66526,1.66553,1.00,1.00
2017.10.25 02:27:07.493,1.66525,1.66553,1.00,1.00
2017.10.25 02:27:29.938,1.66527,1.66553,1.00,1.00
2017.10.25 02:27:32.159,1.66526,1.66553,1.00,1.00
2017.10.25 02:27:32.550,1.66531,1.66557,1.50,1.00
2017.10.25 02:27:32.601,1.66527,1.66555,1.00,1.00
2017.10.25 02:27:33.107,1.66526,1.66555,1.00,1.00
2017.10.25 02:27:33.665,1.66527,1.66555,1.00,1.19
2017.10.25 02:27:38.043,1.66527,1.66555,1.00,1.25
2017.10.25 02:27:38.602,1.66527,1.66555,1.00,1.19
2017.10.25 02:27:39.112,1.66526,1.66555,1.00,1.00
2017.10.25 02:27:39.674,1.66527,1.66555,1.00,1.19
2017.10.25 02:27:40.359,1.66526,1.66555,1.00,1.25
2017.10.25 02:27:46.568,1.66527,1.66555,1.00,1.00
2017.10.25 02:27:46.828,1.66531,1.66555,1.00,1.00
2017.10.25 02:27:47.697,1.6653,1.66555,1.00,1.00
2017.10.25 02:27:50.768,1.66531,1.66555,1.50,1.00
2017.10.25 02:27:54.280,1.6653,1.66555,2.25,1.00
2017.10.25 02:28:01.380,1.66531,1.66555,1.00,1.00
2017.10.25 02:28:02.599,1.6653,1.66555,1.00,1.00
2017.10.25 02:28:09.938,1.66532,1.66555,1.00,1.00
2017.10.25 02:28:12.146,1.66531,1.66555,1.00,1.00
2017.10.25 02:28:16.678,1.66532,1.66555,1.00,1.00
2017.10.25 02:28:17.286,1.66531,1.66555,1.00,1.00
2017.10.25 02:28:18.192,1.66532,1.66555,1.00,1.00
2017.10.25 02:28:18.243,1.66529,1.66555,1.00,1.19
2017.10.25 02:28:18.294,1.66525,1.66555,1.50,1.31
2017.10.25 02:28:18.345,1.66523,1.66553,1.00,1.00
2017.10.25 02:28:18.859,1.66528,1.66553,1.00,1.00
2017.10.25 02:28:20.976,1.66527,1.66553,1.00,1.00
2017.10.25 02:28:21.277,1.66527,1.66557,1.00,1.00
2017.10.25 02:28:21.379,1.66531,1.66557,1.00,1.00
2017.10.25 02:28:25.132,1.66532,1.66557,1.00,1.00
2017.10.25 02:28:27.641,1.66531,1.66557,1.00,1.00
2017.10.25 02:28:38.437,1.66528,1.66557,1.50,1.00
2017.10.25 02:28:43.564,1.66529,1.66557,1.19,1.00
2017.10.25 02:28:43.666,1.66537,1.66568,1.00,3.19
2017.10.25 02:28:43.717,1.66541,1.66568,1.00,1.00
2017.10.25 02:28:44.228,1.66541,1.66567,1.00,1.00
2017.10.25 02:28:44.778,1.66542,1.66567,1.00,1.00
2017.10.25 02:28:45.381,1.66541,1.66567,1.00,1.00
2017.10.25 02:28:48.031,1.66541,1.66568,1.00,1.00
2017.10.25 02:28:48.377,1.66541,1.66566,1.00,1.00
2017.10.25 02:28:49.937,1.6654,1.66566,1.00,1.50
2017.10.25 02:28:50.680,1.66539,1.66566,1.00,1.50
2017.10.25 02:28:52.186,1.6654,1.66566,1.00,1.50
2017.10.25 02:28:53.107,1.66539,1.66566,1.00,1.50
2017.10.25 02:28:53.662,1.6654,1.66566,1.00,1.50
2017.10.25 02:28:54.323,1.66539,1.66566,1.00,1.50
2017.10.25 02:28:55.148,1.66537,1.66566,1.00,1.50
2017.10.25 02:28:55.708,1.66537,1.66565,1.00,1.50
2017.10.25 02:28:56.599,1.66538,1.66565,1.00,1.00
2017.10.25 02:28:57.740,1.66537,1.66565,1.00,1.50
2017.10.25 02:28:58.348,1.66538,1.66564,1.00,1.00
2017.10.25 02:29:07.016,1.66536,1.66564,1.00,1.00
2017.10.25 02:29:07.168,1.66535,1.66563,1.00,1.69
2017.10.25 02:29:07.219,1.66529,1.66559,1.69,1.00
2017.10.25 02:29:07.321,1.66533,1.66558,1.00,1.00
2017.10.25 02:29:07.726,1.66533,1.6656,1.00,1.50
2017.10.25 02:29:10.240,1.66532,1.6656,1.00,1.50
2017.10.25 02:29:14.366,1.66532,1.66559,1.00,1.00
2017.10.25 02:29:19.822,1.66532,1.66558,1.00,1.00
2017.10.25 02:29:20.012,1.66532,1.6656,1.00,2.25
2017.10.25 02:29:20.888,1.66532,1.66558,1.00,1.00
2017.10.25 02:29:22.142,1.66532,1.66559,1.00,1.50
2017.10.25 02:29:27.748,1.66532,1.6656,1.00,1.50
2017.10.25 02:29:29.937,1.66532,1.66559,1.00,1.00
2017.10.25 02:29:30.452,1.66532,1.66558,1.00,1.00
2017.10.25 02:29:30.986,1.66533,1.66558,1.00,1.00
2017.10.25 02:29:32.315,1.66532,1.66558,1.00,1.00
2017.10.25 02:29:32.897,1.66532,1.66559,1.00,1.00
2017.10.25 02:29:33.740,1.66533,1.66559,1.00,1.00
2017.10.25 02:29:35.571,1.66532,1.66559,1.00,1.00
2017.10.25 02:29:38.758,1.66532,1.66558,1.00,1.00
2017.10.25 02:29:39.287,1.66532,1.66559,1.00,1.00
2017.10.25 02:29:39.452,1.66532,1.66562,1.50,1.00
2017.10.25 02:29:41.799,1.66533,1.66562,1.00,1.00
2017.10.25 02:29:43.932,1.66532,1.66562,1.50,1.00
2017.10.25 02:29:45.709,1.66533,1.66562,1.00,1.00
2017.10.25 02:29:47.688,1.66533,1.66562,1.19,1.00
2017.10.25 02:29:48.087,1.66535,1.66567,1.00,1.00
2017.10.25 02:29:53.453,1.66538,1.66567,1.00,1.00
2017.10.25 02:29:57.820,1.66539,1.66567,1.00,1.00
2017.10.25 02:30:00.829,1.66538,1.66567,1.00,1.00
2017.10.25 02:30:01.374,1.66539,1.66567,1.00,1.00
2017.10.25 02:30:01.670,1.66536,1.66567,1.00,1.00
2017.10.25 02:30:03.699,1.66536,1.66567,1.00,1.19
2017.10.25 02:30:06.282,1.66535,1.66567,1.50,1.19
2017.10.25 02:30:07.241,1.66535,1.66567,1.00,1.25
2017.10.25 02:30:07.537,1.66535,1.66567,1.50,1.19
2017.10.25 02:30:08.131,1.66535,1.66567,1.00,1.19
2017.10.25 02:30:10.335,1.66535,1.66567,1.50,1.19
2017.10.25 02:30:10.872,1.66535,1.66567,1.00,1.19
2017.10.25 02:30:11.403,1.66535,1.66567,1.00,1.00
2017.10.25 02:30:12.870,1.66538,1.66567,1.00,1.00
2017.10.25 02:30:14.406,1.6654,1.66567,1.00,1.25
2017.10.25 02:30:15.167,1.66539,1.66567,1.00,1.25
2017.10.25 02:30:22.019,1.66539,1.66566,1.00,2.06
2017.10.25 02:30:22.070,1.66536,1.66564,1.00,1.25
2017.10.25 02:30:22.122,1.66532,1.66563,1.00,1.00
2017.10.25 02:30:22.832,1.66532,1.66561,1.00,1.25
2017.10.25 02:30:23.131,1.66532,1.66563,1.00,1.00
2017.10.25 02:30:23.182,1.66536,1.66563,1.00,1.00
2017.10.25 02:30:23.233,1.66536,1.66568,1.50,1.25
2017.10.25 02:30:23.487,1.66536,1.66565,1.00,1.00
2017.10.25 02:30:23.991,1.66536,1.66566,1.00,1.00
2017.10.25 02:30:26.321,1.66536,1.66565,1.00,1.00
2017.10.25 02:30:30.440,1.66536,1.66567,1.25,1.50
2017.10.25 02:30:35.389,1.66536,1.66566,1.25,1.00
2017.10.25 02:30:36.117,1.66536,1.66567,1.25,2.25
2017.10.25 02:30:37.070,1.66536,1.66566,1.25,1.00
2017.10.25 02:30:37.316,1.66538,1.66567,1.12,2.25
2017.10.25 02:30:37.924,1.66538,1.66566,1.12,1.00
2017.10.25 02:30:38.467,1.66537,1.66566,1.12,1.50
2017.10.25 02:30:43.281,1.66537,1.66567,1.12,1.50
2017.10.25 02:30:44.959,1.66536,1.66567,2.06,1.50
2017.10.25 02:30:45.858,1.66536,1.66566,1.00,1.00
2017.10.25 02:30:47.881,1.66536,1.66565,1.50,1.00
2017.10.25 02:30:48.492,1.66536,1.66566,1.00,1.00
2017.10.25 02:30:55.213,1.66536,1.66565,1.00,1.00
2017.10.25 02:30:56.346,1.66536,1.66559,1.00,1.00
2017.10.25 02:30:56.397,1.66534,1.66559,1.00,1.00
2017.10.25 02:30:56.448,1.6653,1.66557,1.00,1.00
2017.10.25 02:30:56.723,1.66528,1.66557,1.50,1.00
2017.10.25 02:30:57.330,1.66528,1.66556,1.00,1.00
2017.10.25 02:31:00.163,1.66528,1.66557,1.00,1.50
2017.10.25 02:31:00.302,1.66528,1.66555,1.00,1.00
2017.10.25 02:31:01.193,1.66528,1.66556,1.00,1.00
2017.10.25 02:31:02.125,1.66528,1.66557,1.00,1.50
2017.10.25 02:31:06.219,1.66528,1.66556,1.00,1.00
2017.10.25 02:31:06.769,1.66528,1.66557,1.00,1.00
2017.10.25 02:31:08.279,1.66528,1.66558,1.00,2.25
2017.10.25 02:31:09.042,1.66528,1.66557,1.00,1.00
2017.10.25 02:31:14.730,1.66528,1.66555,1.00,1.00
2017.10.25 02:31:15.859,1.66528,1.66557,1.00,1.00
2017.10.25 02:31:17.169,1.66528,1.66558,1.00,1.50
2017.10.25 02:31:18.175,1.66528,1.66557,1.00,1.00
2017.10.25 02:31:18.689,1.66528,1.66558,1.00,2.25
2017.10.25 02:31:22.749,1.66528,1.66557,1.00,1.00
2017.10.25 02:31:28.699,1.66528,1.66558,1.00,2.25
2017.10.25 02:31:29.262,1.66528,1.66557,1.00,1.00
2017.10.25 02:31:29.808,1.66528,1.66558,1.00,2.25
2017.10.25 02:31:30.521,1.66528,1.66557,1.25,1.00
2017.10.25 02:31:31.243,1.66528,1.66558,1.25,2.25
2017.10.25 02:31:40.688,1.66528,1.66557,1.25,1.00
2017.10.25 02:31:41.208,1.66528,1.66558,1.25,2.25
2017.10.25 02:31:47.231,1.66529,1.66558,1.00,2.25
2017.10.25 02:31:47.731,1.66529,1.66558,2.06,1.00
2017.10.25 02:31:47.933,1.66532,1.66561,1.00,1.00
2017.10.25 02:31:48.482,1.66532,1.66562,1.00,1.00
2017.10.25 02:31:52.324,1.66532,1.66563,1.00,1.50
2017.10.25 02:31:53.869,1.66532,1.6656,1.00,1.00
2017.10.25 02:31:54.123,1.66529,1.66558,1.00,1.00
2017.10.25 02:31:56.389,1.66529,1.66556,1.00,1.00
2017.10.25 02:32:12.793,1.66529,1.66557,1.00,1.50
2017.10.25 02:32:17.540,1.66529,1.66556,1.00,1.00
2017.10.25 02:32:19.099,1.66529,1.66557,1.00,2.25
2017.10.25 02:32:19.699,1.66529,1.66556,1.00,1.00
2017.10.25 02:32:26.281,1.66529,1.66557,1.00,1.50
2017.10.25 02:32:26.787,1.66529,1.66556,1.00,1.00
2017.10.25 02:32:28.972,1.66527,1.66552,1.00,1.00
2017.10.25 02:32:29.023,1.66522,1.66548,1.00,1.00
2017.10.25 02:32:29.530,1.66522,1.66549,1.00,1.00
2017.10.25 02:32:30.035,1.66522,1.66548,1.00,1.00
2017.10.25 02:32:30.187,1.66522,1.66546,1.00,1.00
2017.10.25 02:32:30.339,1.66519,1.66546,2.06,1.00
2017.10.25 02:32:30.851,1.66519,1.66547,1.69,1.00
2017.10.25 02:32:33.114,1.66522,1.66547,1.00,1.00
2017.10.25 02:32:33.629,1.66522,1.66548,1.00,1.00
2017.10.25 02:32:43.071,1.66522,1.66547,1.00,1.00
2017.10.25 02:32:43.586,1.66522,1.66549,1.00,1.50
2017.10.25 02:32:44.110,1.66522,1.6655,1.00,1.00
2017.10.25 02:32:51.271,1.66522,1.66549,1.00,1.00
2017.10.25 02:32:51.688,1.66519,1.66549,2.81,1.00
2017.10.25 02:33:03.891,1.66519,1.66545,1.00,1.00
2017.10.25 02:33:04.043,1.66513,1.66544,3.90,1.50
2017.10.25 02:33:04.742,1.66514,1.66544,1.44,1.00
2017.10.25 02:33:05.352,1.66514,1.66545,1.44,1.00
2017.10.25 02:33:10.473,1.66518,1.66546,1.00,1.00
2017.10.25 02:33:14.754,1.66518,1.66545,1.00,1.00
2017.10.25 02:33:15.274,1.66518,1.66546,1.00,1.50
2017.10.25 02:33:15.781,1.66518,1.66545,1.19,1.50
2017.10.25 02:33:16.291,1.66518,1.66546,1.00,1.00
2017.10.25 02:33:18.120,1.66519,1.66547,1.00,1.50
2017.10.25 02:33:18.740,1.66519,1.66548,1.69,1.00
2017.10.25 02:33:19.265,1.6652,1.66548,1.25,1.00
2017.10.25 02:33:19.761,1.6652,1.66546,1.25,1.00
2017.10.25 02:33:20.369,1.66519,1.66546,1.69,1.00
2017.10.25 02:33:23.109,1.66521,1.66546,1.00,1.00
2017.10.25 02:33:23.159,1.66521,1.66549,1.00,1.00
2017.10.25 02:33:36.509,1.66521,1.66551,1.00,1.00
2017.10.25 02:33:38.383,1.66521,1.66549,1.00,1.00
2017.10.25 02:33:38.917,1.66521,1.66548,1.00,1.00
2017.10.25 02:33:42.408,1.66529,1.66548,1.00,1.00
2017.10.25 02:33:42.459,1.66529,1.66555,1.00,1.50
2017.10.25 02:33:42.511,1.66529,1.66557,1.00,1.00
2017.10.25 02:33:42.562,1.66527,1.66553,1.00,1.50
2017.10.25 02:33:42.765,1.66522,1.66551,3.15,1.00
2017.10.25 02:33:42.867,1.66523,1.66549,1.31,1.00
2017.10.25 02:33:44.986,1.66523,1.66551,1.12,1.00
2017.10.25 02:33:47.652,1.66522,1.66551,2.21,1.50
2017.10.25 02:33:47.990,1.66523,1.66551,1.31,1.00
2017.10.25 02:33:48.228,1.66526,1.66554,1.69,1.00
2017.10.25 02:33:48.279,1.66526,1.66556,1.69,1.50
2017.10.25 02:33:48.840,1.66527,1.66556,1.25,1.00
2017.10.25 02:33:51.070,1.66526,1.66556,1.50,1.00
2017.10.25 02:34:01.952,1.66526,1.66556,1.19,1.00
2017.10.25 02:34:02.053,1.66526,1.66554,1.25,1.00
2017.10.25 02:34:04.249,1.66526,1.66554,2.06,1.00
2017.10.25 02:34:05.335,1.66526,1.66554,1.25,1.00
2017.10.25 02:34:07.724,1.66526,1.66554,1.69,1.00
2017.10.25 02:34:07.826,1.66526,1.66556,1.69,1.50
2017.10.25 02:34:12.021,1.66526,1.66555,1.19,1.00
2017.10.25 02:34:17.871,1.66526,1.66556,1.69,3.00
2017.10.25 02:34:18.431,1.66526,1.66555,1.69,1.00
2017.10.25 02:34:19.120,1.66526,1.66555,2.81,1.00
2017.10.25 02:34:22.270,1.66526,1.66555,1.69,1.00
2017.10.25 02:34:22.829,1.66526,1.66556,1.69,3.00
2017.10.25 02:34:23.309,1.66526,1.66553,1.19,1.00
2017.10.25 02:34:23.817,1.66526,1.66553,1.25,1.00
2017.10.25 02:34:24.256,1.66526,1.66555,1.25,1.50
2017.10.25 02:34:24.882,1.66526,1.66555,1.19,1.50
2017.10.25 02:34:26.238,1.66526,1.66554,1.19,1.00
2017.10.25 02:34:27.239,1.66526,1.66554,1.25,1.00
2017.10.25 02:34:31.515,1.66526,1.66555,2.06,1.50
2017.10.25 02:34:32.138,1.66526,1.66556,2.06,3.00
2017.10.25 02:34:33.223,1.66526,1.66555,2.06,1.00
2017.10.25 02:34:33.762,1.66526,1.66556,1.69,1.50
2017.10.25 02:34:34.274,1.66526,1.66556,2.81,1.00
2017.10.25 02:34:34.800,1.66526,1.66556,2.81,1.00
2017.10.25 02:34:36.180,1.66526,1.66556,2.81,1.00
2017.10.25 02:34:40.661,1.66528,1.66559,1.00,1.50
2017.10.25 02:34:40.712,1.66528,1.66556,1.00,1.50
2017.10.25 02:34:40.814,1.66528,1.66558,1.25,1.00
2017.10.25 02:34:41.344,1.66529,1.66559,1.00,1.50
2017.10.25 02:34:41.852,1.66529,1.66558,1.25,1.00
2017.10.25 02:34:42.369,1.66529,1.66557,1.25,1.00
2017.10.25 02:34:42.933,1.66528,1.66558,1.50,1.50
2017.10.25 02:34:43.595,1.66528,1.66557,2.25,1.00
2017.10.25 02:34:45.499,1.66528,1.66558,1.50,1.50
2017.10.25 02:34:46.235,1.66529,1.66558,1.00,1.50
2017.10.25 02:34:46.895,1.66529,1.66557,1.00,1.00
2017.10.25 02:34:51.350,1.66529,1.66558,1.00,1.50
2017.10.25 02:34:52.054,1.66528,1.66558,1.50,1.50
2017.10.25 02:34:53.600,1.66528,1.66557,1.25,1.00
2017.10.25 02:34:54.159,1.66528,1.66558,1.50,1.00
2017.10.25 02:34:54.311,1.66528,1.66556,1.00,1.00
2017.10.25 02:34:54.858,1.66528,1.66557,1.00,1.50
2017.10.25 02:34:58.804,1.66528,1.66556,1.00,1.00
2017.10.25 02:34:59.616,1.66528,1.66556,2.81,1.50
2017.10.25 02:35:00.148,1.66528,1.66556,1.50,1.50
2017.10.25 02:35:00.431,1.66528,1.66558,1.50,1.50
2017.10.25 02:35:00.532,1.66528,1.66556,1.50,1.00
2017.10.25 02:35:01.314,1.66528,1.66551,1.00,1.00
2017.10.25 02:35:01.366,1.66525,1.66551,1.50,1.00
2017.10.25 02:35:01.518,1.66523,1.6655,1.12,1.00
2017.10.25 02:35:02.982,1.66522,1.6655,1.50,1.00
2017.10.25 02:35:07.999,1.66522,1.66551,1.50,2.25
2017.10.25 02:35:08.151,1.66526,1.6655,1.00,1.00
2017.10.25 02:35:08.655,1.66525,1.66551,1.00,2.25
2017.10.25 02:35:09.714,1.66526,1.66551,1.00,1.50
2017.10.25 02:35:09.917,1.66522,1.66551,1.00,1.50
2017.10.25 02:35:10.018,1.66521,1.66547,4.31,1.00
2017.10.25 02:35:10.167,1.66524,1.66554,1.31,1.50
2017.10.25 02:35:10.319,1.66524,1.66554,1.31,1.00
2017.10.25 02:35:13.567,1.66524,1.66554,1.19,1.00
2017.10.25 02:35:21.266,1.66524,1.66554,2.06,1.00
2017.10.25 02:35:24.094,1.66526,1.66555,1.19,1.00
2017.10.25 02:35:24.497,1.66526,1.66553,1.19,1.00
2017.10.25 02:35:26.026,1.66526,1.66553,1.25,1.00
2017.10.25 02:35:27.829,1.66526,1.66555,1.25,1.50
2017.10.25 02:35:28.595,1.66526,1.66554,1.25,1.00
2017.10.25 02:35:29.907,1.66526,1.66553,1.25,1.00
2017.10.25 02:35:30.512,1.66526,1.66554,1.00,1.00
2017.10.25 02:35:34.094,1.66526,1.66553,1.00,1.00
2017.10.25 02:35:35.519,1.66526,1.66554,1.00,1.00
2017.10.25 02:35:35.671,1.66526,1.66557,1.69,1.50
2017.10.25 02:35:36.198,1.66526,1.66556,1.69,1.50
2017.10.25 02:35:39.393,1.66526,1.66556,1.25,1.50
2017.10.25 02:35:39.545,1.66526,1.66554,1.25,1.00
2017.10.25 02:35:39.647,1.66526,1.66556,1.19,1.00
2017.10.25 02:35:40.246,1.66526,1.66555,1.19,1.00
2017.10.25 02:35:40.807,1.66526,1.66555,1.19,1.00
2017.10.25 02:35:41.467,1.66526,1.66556,1.25,1.50
2017.10.25 02:35:43.785,1.66526,1.66557,1.25,1.50
2017.10.25 02:35:45.996,1.66526,1.66554,1.25,1.50
2017.10.25 02:35:46.745,1.66526,1.66555,1.25,1.00
2017.10.25 02:35:48.624,1.66526,1.66555,1.19,1.00
2017.10.25 02:35:48.841,1.6652,1.66549,1.00,1.00
2017.10.25 02:35:48.892,1.6652,1.66545,1.00,1.00
2017.10.25 02:35:49.095,1.6652,1.66547,1.00,1.00
2017.10.25 02:35:52.593,1.66523,1.66547,1.00,1.00
2017.10.25 02:35:52.645,1.6652,1.66548,1.19,1.00
2017.10.25 02:35:52.696,1.66523,1.66548,1.00,1.00
2017.10.25 02:35:52.747,1.66523,1.66552,1.00,1.00
2017.10.25 02:35:52.849,1.66523,1.66549,1.00,1.00
2017.10.25 02:35:53.167,1.66523,1.66547,1.00,1.00
2017.10.25 02:35:53.685,1.66523,1.66546,1.00,1.00
2017.10.25 02:35:53.838,1.66523,1.66548,1.00,1.00
2017.10.25 02:35:54.040,1.6652,1.6655,1.25,1.50
2017.10.25 02:35:54.565,1.6652,1.66551,3.00,1.00
2017.10.25 02:35:56.072,1.6652,1.66551,2.06,1.00
2017.10.25 02:35:58.646,1.6652,1.66551,2.06,1.00
2017.10.25 02:36:03.747,1.66521,1.66551,1.19,1.00
2017.10.25 02:36:04.294,1.6652,1.66551,2.81,1.00
2017.10.25 02:36:04.804,1.66521,1.66551,1.31,1.00
2017.10.25 02:36:04.904,1.6652,1.66551,2.06,1.00
2017.10.25 02:36:05.409,1.6652,1.66551,2.81,1.00
2017.10.25 02:36:07.724,1.6652,1.66551,2.81,1.00
2017.10.25 02:36:08.708,1.66521,1.66551,1.50,1.00
2017.10.25 02:36:09.343,1.66524,1.66551,1.00,1.00
2017.10.25 02:36:09.395,1.66525,1.66554,1.00,1.00
2017.10.25 02:36:09.446,1.66527,1.66554,1.00,1.00
2017.10.25 02:36:09.751,1.66525,1.66549,1.00,1.00
2017.10.25 02:36:09.914,1.66519,1.66549,1.50,1.50
2017.10.25 02:36:10.510,1.66519,1.66547,1.50,1.00
2017.10.25 02:36:10.730,1.66519,1.66549,1.50,1.50
2017.10.25 02:36:11.108,1.66519,1.66547,1.00,1.00
2017.10.25 02:36:12.124,1.66519,1.66546,1.00,1.00
2017.10.25 02:36:12.279,1.66516,1.66545,1.25,1.00
2017.10.25 02:36:13.215,1.66516,1.66545,2.62,1.00
2017.10.25 02:36:13.268,1.66516,1.66547,2.62,1.00
2017.10.25 02:36:16.413,1.66516,1.66548,2.81,2.25
2017.10.25 02:36:20.196,1.66519,1.66547,1.25,1.00
2017.10.25 02:36:21.637,1.66519,1.66548,1.25,1.50
2017.10.25 02:36:23.088,1.6652,1.66548,1.12,1.00
2017.10.25 02:36:28.270,1.66519,1.66548,1.00,1.00
2017.10.25 02:36:28.841,1.66522,1.66549,1.25,1.00
2017.10.25 02:36:28.943,1.66523,1.66554,1.25,1.00
2017.10.25 02:36:29.045,1.66526,1.66557,1.00,1.25
2017.10.25 02:36:29.348,1.66526,1.66552,1.00,1.00
2017.10.25 02:36:29.888,1.66526,1.66551,1.00,1.00
2017.10.25 02:36:30.200,1.66526,1.66553,1.00,1.00
2017.10.25 02:36:30.301,1.66526,1.66556,1.00,1.00
2017.10.25 02:36:30.403,1.66526,1.66554,1.00,1.00
2017.10.25 02:36:30.917,1.66526,1.66555,1.00,1.00
2017.10.25 02:36:33.355,1.66526,1.66554,1.00,1.00
2017.10.25 02:36:35.572,1.66527,1.66555,1.12,1.00
2017.10.25 02:36:36.239,1.66526,1.66556,2.62,1.00
2017.10.25 02:36:36.809,1.66527,1.66556,1.31,1.00
2017.10.25 02:36:38.077,1.66527,1.66556,1.31,1.00
2017.10.25 02:36:38.178,1.66529,1.66558,1.25,1.50
2017.10.25 02:36:38.805,1.66529,1.66557,1.25,1.00
2017.10.25 02:36:39.404,1.66529,1.66558,1.25,1.50
2017.10.25 02:36:40.004,1.66529,1.66557,1.25,1.00
2017.10.25 02:36:40.681,1.66529,1.66558,1.25,2.25
2017.10.25 02:36:42.239,1.66529,1.66558,1.69,1.50
2017.10.25 02:36:42.290,1.66533,1.66558,1.00,1.00
2017.10.25 02:36:42.341,1.66533,1.66562,2.44,1.00
2017.10.25 02:36:42.443,1.66535,1.66564,2.06,1.50
2017.10.25 02:36:43.034,1.66535,1.66565,1.69,1.00
2017.10.25 02:36:45.306,1.66537,1.66566,1.00,1.00
2017.10.25 02:36:45.535,1.66535,1.66566,1.69,1.00
2017.10.25 02:36:45.696,1.66537,1.66566,1.00,1.00
2017.10.25 02:36:45.936,1.66535,1.66566,1.69,1.00
2017.10.25 02:36:47.155,1.66535,1.66565,1.69,1.00
2017.10.25 02:36:47.394,1.66538,1.66565,1.00,1.00
2017.10.25 02:36:49.391,1.66538,1.66566,1.00,1.00
2017.10.25 02:36:50.070,1.66538,1.66567,1.00,2.25
2017.10.25 02:36:50.171,1.66536,1.66567,1.00,2.25
2017.10.25 02:36:52.595,1.66536,1.66566,1.00,1.00
2017.10.25 02:36:53.406,1.66536,1.66567,1.00,2.25
2017.10.25 02:37:04.251,1.66536,1.66566,1.25,1.00
2017.10.25 02:37:04.353,1.66538,1.66566,1.00,1.00
2017.10.25 02:37:11.534,1.66538,1.66567,1.00,1.00
2017.10.25 02:37:17.445,1.66543,1.66573,1.50,1.00
2017.10.25 02:37:17.547,1.66545,1.66577,1.25,2.25
2017.10.25 02:37:17.598,1.66548,1.66577,1.00,1.50
2017.10.25 02:37:21.979,1.66548,1.66576,1.00,1.00
2017.10.25 02:37:22.589,1.66548,1.66577,1.00,2.25
2017.10.25 02:37:24.214,1.66548,1.66576,1.00,1.00
2017.10.25 02:37:24.734,1.66548,1.66577,1.00,2.25
2017.10.25 02:37:27.394,1.66548,1.66576,1.00,1.00
2017.10.25 02:37:27.934,1.66548,1.66577,1.00,2.25
2017.10.25 02:37:28.875,1.66548,1.66576,1.00,1.00
2017.10.25 02:37:29.027,1.66546,1.66577,1.00,2.25
2017.10.25 02:37:29.498,1.66545,1.6657,1.00,1.50
2017.10.25 02:37:29.549,1.66543,1.6657,1.00,1.50
2017.10.25 02:37:29.600,1.6654,1.66568,1.00,1.50
2017.10.25 02:37:29.701,1.66538,1.66566,1.00,1.00
2017.10.25 02:37:30.046,1.66538,1.66564,1.00,1.00
2017.10.25 02:37:30.562,1.66538,1.66565,1.00,1.00
2017.10.25 02:37:43.891,1.66537,1.66566,1.50,2.25
2017.10.25 02:37:44.107,1.66534,1.66564,1.50,1.50
2017.10.25 02:37:46.373,1.66534,1.66564,2.06,1.50
2017.10.25 02:37:51.565,1.66534,1.66564,1.50,1.50
2017.10.25 02:37:55.708,1.66536,1.66564,1.00,1.50
2017.10.25 02:38:04.632,1.66536,1.66566,1.25,1.50
2017.10.25 02:38:05.327,1.66536,1.66566,1.31,1.50
2017.10.25 02:38:07.161,1.66536,1.66566,1.25,1.50
2017.10.25 02:38:07.819,1.66536,1.66566,1.50,1.50
2017.10.25 02:38:08.361,1.66536,1.66566,1.31,1.00
2017.10.25 02:38:09.037,1.66536,1.66566,1.69,1.00
2017.10.25 02:38:10.537,1.66536,1.66566,2.06,1.00
2017.10.25 02:38:13.748,1.66536,1.66566,1.69,1.00
2017.10.25 02:38:14.362,1.66536,1.66566,2.06,1.00
2017.10.25 02:38:22.219,1.66536,1.66566,1.69,1.00
2017.10.25 02:38:22.885,1.66536,1.66566,2.06,1.00
2017.10.25 02:38:23.757,1.66536,1.66566,1.69,1.00
2017.10.25 02:38:25.247,1.66536,1.66566,2.06,1.00
2017.10.25 02:38:26.080,1.66536,1.66566,1.69,1.00
2017.10.25 02:38:26.618,1.66536,1.66567,1.69,1.00
2017.10.25 02:38:27.119,1.66538,1.66566,1.25,1.00
2017.10.25 02:38:28.094,1.66538,1.66566,1.19,1.00
2017.10.25 02:38:28.879,1.66538,1.66566,1.25,1.00
2017.10.25 02:38:29.443,1.66537,1.66566,1.25,1.00
2017.10.25 02:38:30.146,1.66537,1.66567,1.25,1.00
2017.10.25 02:38:33.005,1.66537,1.66567,1.31,1.00
2017.10.25 02:38:33.106,1.66541,1.66571,1.69,1.00
2017.10.25 02:38:36.657,1.66541,1.66571,1.69,1.00
2017.10.25 02:38:41.092,1.66541,1.66569,1.00,1.00
2017.10.25 02:38:42.739,1.66541,1.6657,1.00,1.50
2017.10.25 02:38:43.349,1.66541,1.66569,1.00,1.00
2017.10.25 02:38:46.042,1.66541,1.6657,1.00,1.50
2017.10.25 02:38:46.648,1.66541,1.66569,1.00,1.00
2017.10.25 02:38:47.165,1.66541,1.66568,1.00,1.00
2017.10.25 02:38:50.445,1.66542,1.66568,1.00,1.00
2017.10.25 02:38:50.987,1.66542,1.66569,1.00,1.00
2017.10.25 02:38:55.022,1.66541,1.66569,1.00,1.00
2017.10.25 02:38:55.326,1.66538,1.66564,1.00,1.00
2017.10.25 02:38:55.378,1.66536,1.66563,1.00,1.00
2017.10.25 02:38:57.783,1.66535,1.66563,1.50,1.00
2017.10.25 02:38:59.886,1.66535,1.66564,1.87,1.00
2017.10.25 02:38:59.939,1.66535,1.66566,1.69,1.50
2017.10.25 02:38:59.993,1.66535,1.66564,1.69,1.00
2017.10.25 02:39:06.703,1.66535,1.66564,1.69,1.00
2017.10.25 02:39:06.754,1.66535,1.66564,1.25,1.00
2017.10.25 02:39:10.905,1.66535,1.66563,1.25,1.00
2017.10.25 02:39:12.817,1.66535,1.66564,2.06,1.00
2017.10.25 02:39:13.340,1.66535,1.66566,2.06,1.50
2017.10.25 02:39:13.938,1.66535,1.66566,2.06,1.50
2017.10.25 02:39:14.307,1.66535,1.66564,2.06,1.00
2017.10.25 02:39:15.989,1.66536,1.66564,1.12,1.00
2017.10.25 02:39:23.351,1.66535,1.66564,1.00,1.00
2017.10.25 02:39:23.905,1.66535,1.66563,1.00,1.00
2017.10.25 02:39:24.606,1.66535,1.66564,1.00,1.00
2017.10.25 02:39:25.126,1.66535,1.66563,1.00,1.00
2017.10.25 02:39:25.840,1.66535,1.66561,1.00,1.00
2017.10.25 02:39:29.368,1.66535,1.66564,1.00,1.00
2017.10.25 02:39:29.817,1.66537,1.66565,1.19,1.00
2017.10.25 02:39:29.918,1.66537,1.66567,1.19,1.50
2017.10.25 02:39:30.140,1.66541,1.66568,1.00,1.00
2017.10.25 02:39:33.014,1.66541,1.66564,1.00,1.00
2017.10.25 02:39:38.126,1.66541,1.66567,1.00,1.00
2017.10.25 02:39:40.137,1.66541,1.66566,1.00,1.00
2017.10.25 02:39:40.188,1.66537,1.66567,1.00,1.50
2017.10.25 02:39:40.341,1.66537,1.66564,1.00,1.00
2017.10.25 02:39:41.178,1.66537,1.66566,1.00,1.50
2017.10.25 02:39:41.682,1.66537,1.66568,1.00,1.50
2017.10.25 02:39:43.797,1.66537,1.66567,1.00,1.00
2017.10.25 02:39:44.289,1.66535,1.66565,1.00,1.00
2017.10.25 02:39:44.423,1.66533,1.66565,2.44,1.00
2017.10.25 02:39:46.026,1.66533,1.66565,2.44,1.00
2017.10.25 02:39:46.565,1.66535,1.66565,1.69,1.00
2017.10.25 02:39:47.094,1.66535,1.66565,1.69,1.00
2017.10.25 02:39:48.391,1.66536,1.66565,1.25,1.00
2017.10.25 02:39:51.807,1.66535,1.66565,1.69,1.00
2017.10.25 02:39:53.279,1.66536,1.66565,1.25,1.00
2017.10.25 02:39:53.583,1.66537,1.66565,1.19,1.00
2017.10.25 02:39:55.041,1.66537,1.66565,1.00,1.00
2017.10.25 02:39:55.093,1.66537,1.66568,1.00,1.25
2017.10.25 02:39:55.144,1.66537,1.66566,1.00,1.00
2017.10.25 02:39:55.484,1.66537,1.66564,1.00,1.00
2017.10.25 02:39:56.046,1.66537,1.66565,1.00,1.50
2017.10.25 02:39:56.644,1.66537,1.66564,1.00,1.00
2017.10.25 02:39:57.458,1.66537,1.66565,1.00,1.50
2017.10.25 02:39:58.168,1.66537,1.66563,1.00,1.00
2017.10.25 02:40:08.985,1.66538,1.66564,1.00,1.00
2017.10.25 02:40:09.673,1.66537,1.66563,1.50,1.00
2017.10.25 02:40:10.289,1.66537,1.66564,2.25,1.00
2017.10.25 02:40:11.422,1.66537,1.66563,2.25,1.00
2017.10.25 02:40:11.678,1.66537,1.66569,2.25,1.25
2017.10.25 02:40:12.191,1.66538,1.66569,1.00,1.00
2017.10.25 02:40:12.706,1.66537,1.66569,2.25,1.00
2017.10.25 02:40:15.217,1.66537,1.66567,2.25,1.00
2017.10.25 02:40:34.084,1.66538,1.66567,1.00,1.00
2017.10.25 02:40:38.636,1.66539,1.66567,1.00,1.00
2017.10.25 02:40:39.154,1.66538,1.66567,1.00,1.00
2017.10.25 02:40:39.205,1.66538,1.66569,1.50,1.00
2017.10.25 02:40:39.827,1.66538,1.66569,1.00,1.69
2017.10.25 02:40:41.750,1.66538,1.66569,1.00,1.69
2017.10.25 02:40:41.953,1.66538,1.66569,1.00,1.50
2017.10.25 02:40:42.055,1.6654,1.66571,1.00,1.69
2017.10.25 02:40:42.547,1.6654,1.66571,1.00,1.19
2017.10.25 02:40:43.027,1.66537,1.66568,1.00,1.19
2017.10.25 02:40:43.435,1.66535,1.66565,1.25,1.00
2017.10.25 02:40:46.146,1.66538,1.66565,1.00,1.00
2017.10.25 02:40:46.298,1.66535,1.66565,1.50,1.00
2017.10.25 02:40:48.808,1.66532,1.66563,1.25,1.00
2017.10.25 02:40:49.755,1.66532,1.66563,1.19,1.00
2017.10.25 02:40:50.433,1.66533,1.66563,1.31,1.00
2017.10.25 02:40:50.484,1.66535,1.66567,1.00,1.25
2017.10.25 02:40:51.021,1.66535,1.66567,1.25,1.19
2017.10.25 02:40:51.916,1.66535,1.66567,1.50,1.00
2017.10.25 02:41:13.985,1.66537,1.66567,1.00,1.00
2017.10.25 02:41:16.989,1.66535,1.66567,1.69,1.00
2017.10.25 02:41:17.732,1.66535,1.66567,1.69,1.00
2017.10.25 02:41:20.478,1.66535,1.66567,1.69,1.00
2017.10.25 02:41:20.955,1.66535,1.66567,1.00,1.19
2017.10.25 02:41:21.475,1.66535,1.66567,1.00,1.19
2017.10.25 02:41:21.788,1.66535,1.66567,1.00,1.19
2017.10.25 02:41:24.255,1.66535,1.66566,1.00,1.19
2017.10.25 02:41:24.306,1.66532,1.66564,1.00,1.00
2017.10.25 02:41:24.460,1.66532,1.66564,1.25,1.37
2017.10.25 02:41:25.024,1.66532,1.66564,1.00,1.87
2017.10.25 02:41:42.944,1.66532,1.66564,1.00,1.31
2017.10.25 02:41:50.835,1.66532,1.66561,1.50,1.00
2017.10.25 02:41:51.833,1.66532,1.66559,1.00,1.00
2017.10.25 02:41:52.038,1.66532,1.66561,1.00,1.00
2017.10.25 02:41:52.142,1.66532,1.66562,2.06,1.00
2017.10.25 02:41:52.193,1.66537,1.66567,1.25,1.50
2017.10.25 02:41:52.294,1.66538,1.66567,1.87,1.00
2017.10.25 02:41:52.345,1.6654,1.66571,1.00,1.00
2017.10.25 02:41:52.850,1.66541,1.66572,1.25,1.50
2017.10.25 02:41:53.385,1.6654,1.66572,1.69,1.50
2017.10.25 02:41:53.886,1.6654,1.66571,1.69,1.00
2017.10.25 02:41:54.392,1.6654,1.66572,1.00,1.50
2017.10.25 02:41:55.283,1.6654,1.66571,1.00,1.00
2017.10.25 02:41:55.805,1.6654,1.66572,2.06,1.50
2017.10.25 02:41:56.491,1.6654,1.66571,2.81,1.00
2017.10.25 02:41:56.993,1.6654,1.66572,2.81,2.25
2017.10.25 02:41:57.812,1.6654,1.66572,1.69,2.25
2017.10.25 02:41:58.523,1.6654,1.66571,1.25,1.00
2017.10.25 02:41:58.627,1.6654,1.66569,1.25,1.00
2017.10.25 02:42:05.495,1.6654,1.6657,1.00,2.25
2017.10.25 02:42:06.248,1.6654,1.66569,1.00,1.00
2017.10.25 02:42:10.220,1.6654,1.6657,1.00,1.00
2017.10.25 02:42:10.939,1.6654,1.66571,1.00,1.50
2017.10.25 02:42:11.667,1.6654,1.6657,1.00,1.00
2017.10.25 02:42:23.945,1.6654,1.66569,1.00,1.19
2017.10.25 02:42:23.996,1.66536,1.66566,1.00,1.19
2017.10.25 02:42:24.047,1.66536,1.66562,1.00,1.50
2017.10.25 02:42:24.755,1.66533,1.66562,1.00,1.50
2017.10.25 02:42:29.661,1.66533,1.66563,1.25,1.50
2017.10.25 02:42:29.814,1.66533,1.66561,1.00,1.00
2017.10.25 02:42:29.865,1.66533,1.66563,1.00,1.50
2017.10.25 02:42:31.333,1.66533,1.66562,1.00,1.00
2017.10.25 02:42:31.874,1.66533,1.66563,1.00,1.50
2017.10.25 02:42:32.385,1.66533,1.66562,1.00,1.00
2017.10.25 02:42:32.898,1.66534,1.66563,1.00,1.00
2017.10.25 02:42:33.703,1.66533,1.66563,1.00,1.00
2017.10.25 02:42:35.963,1.66533,1.66562,1.00,1.00
2017.10.25 02:42:36.679,1.66533,1.66563,1.00,1.00
2017.10.25 02:42:39.045,1.66533,1.66562,1.00,1.00
2017.10.25 02:42:42.112,1.66533,1.66563,1.00,1.00
2017.10.25 02:42:42.624,1.66533,1.66562,1.00,1.00
2017.10.25 02:42:44.533,1.66533,1.66563,1.50,1.50
2017.10.25 02:42:46.751,1.66533,1.66562,1.50,1.00
2017.10.25 02:42:47.285,1.66533,1.66563,1.50,1.00
2017.10.25 02:42:51.264,1.66534,1.66563,1.00,1.00
2017.10.25 02:42:51.773,1.66534,1.66564,1.00,2.25
2017.10.25 02:42:52.498,1.66535,1.66564,1.00,1.50
2017.10.25 02:42:54.706,1.66534,1.66564,1.25,1.50
2017.10.25 02:42:55.779,1.66534,1.66563,1.00,1.00
2017.10.25 02:43:00.453,1.66534,1.66564,1.00,1.50
2017.10.25 02:43:00.971,1.66533,1.66564,1.50,1.50
2017.10.25 02:43:01.175,1.66537,1.66564,1.00,1.00
2017.10.25 02:43:01.227,1.66538,1.66568,1.31,1.00
2017.10.25 02:43:01.278,1.66542,1.6657,1.00,1.00
2017.10.25 02:43:01.330,1.66542,1.66572,1.00,1.50
2017.10.25 02:43:07.395,1.66542,1.66571,1.00,1.00
2017.10.25 02:43:08.160,1.66542,1.66572,1.00,1.00
2017.10.25 02:43:23.167,1.66542,1.66571,1.00,1.00
2017.10.25 02:43:25.748,1.66542,1.6657,1.00,1.00
2017.10.25 02:43:30.137,1.66542,1.66571,1.00,1.50
2017.10.25 02:43:30.649,1.66542,1.6657,1.00,1.00
2017.10.25 02:43:32.054,1.66542,1.66571,1.00,1.50
2017.10.25 02:43:36.656,1.66542,1.66569,1.00,1.00
2017.10.25 02:43:37.214,1.6654,1.66569,1.00,1.00
2017.10.25 02:43:37.998,1.6654,1.66568,1.00,1.00
2017.10.25 02:43:38.549,1.6654,1.66569,1.00,1.50
2017.10.25 02:43:39.081,1.6654,1.66568,1.00,1.00
2017.10.25 02:43:39.689,1.6654,1.66569,1.00,1.00
2017.10.25 02:43:46.408,1.6654,1.6657,1.00,3.00
2017.10.25 02:43:47.824,1.6654,1.66569,1.00,1.00
2017.10.25 02:43:50.449,1.6654,1.6657,1.50,2.25
2017.10.25 02:43:53.946,1.6654,1.66569,1.00,1.00
2017.10.25 02:43:58.256,1.6654,1.6657,2.62,1.00
2017.10.25 02:43:58.357,1.66542,1.66572,1.25,1.00
2017.10.25 02:43:59.564,1.66542,1.66573,1.19,1.00
2017.10.25 02:43:59.733,1.66548,1.66576,1.00,1.00
2017.10.25 02:43:59.885,1.66548,1.66578,1.25,1.00
2017.10.25 02:44:03.361,1.66548,1.66572,1.00,1.00
2017.10.25 02:44:03.411,1.66543,1.6657,1.00,1.00
2017.10.25 02:44:03.614,1.66543,1.66567,1.00,1.00
2017.10.25 02:44:03.665,1.66537,1.66567,1.25,1.50
2017.10.25 02:44:03.716,1.66537,1.66565,1.25,1.00
2017.10.25 02:44:04.113,1.66535,1.66563,2.44,1.00
2017.10.25 02:44:04.642,1.66535,1.66563,2.25,1.00
2017.10.25 02:44:10.028,1.66536,1.66563,1.00,1.00
2017.10.25 02:44:10.853,1.66535,1.66563,1.69,1.00
2017.10.25 02:44:11.389,1.66536,1.66563,1.00,1.00
2017.10.25 02:44:11.694,1.66535,1.66561,1.00,1.00
2017.10.25 02:44:21.704,1.66535,1.66563,1.00,1.00
2017.10.25 02:44:24.715,1.66535,1.66562,1.00,1.00
2017.10.25 02:44:35.460,1.66535,1.66563,1.00,1.00
2017.10.25 02:44:35.612,1.66536,1.66563,1.19,1.00
2017.10.25 02:44:35.764,1.66536,1.66565,1.19,1.00
2017.10.25 02:44:36.331,1.66536,1.66565,1.25,1.00
2017.10.25 02:44:43.791,1.66536,1.66565,1.69,1.50
2017.10.25 02:44:43.842,1.66539,1.66566,1.69,1.00
2017.10.25 02:44:43.893,1.6654,1.66569,1.56,1.00
2017.10.25 02:44:43.944,1.66543,1.66571,1.00,1.00
2017.10.25 02:44:44.683,1.66543,1.66572,1.00,1.00
2017.10.25 02:44:50.947,1.66547,1.66574,1.00,1.00
2017.10.25 02:44:51.048,1.66547,1.66576,1.00,1.50
2017.10.25 02:44:51.150,1.66551,1.66579,1.00,1.00
2017.10.25 02:44:51.695,1.66551,1.6658,1.00,1.00
2017.10.25 02:44:57.112,1.66551,1.6658,1.19,1.00
2017.10.25 02:45:00.370,1.66551,1.6658,1.25,1.00
2017.10.25 02:45:00.891,1.66552,1.6658,1.00,1.69
2017.10.25 02:45:00.942,1.66546,1.66578,1.00,1.31
2017.10.25 02:45:00.993,1.66546,1.66576,1.00,1.50
2017.10.25 02:45:01.505,1.66546,1.66575,1.00,1.00
2017.10.25 02:45:02.606,1.66546,1.66574,1.00,1.25
2017.10.25 02:45:03.716,1.66546,1.66572,1.00,1.00
2017.10.25 02:45:12.774,1.66543,1.66572,1.00,1.50
2017.10.25 02:45:13.224,1.66541,1.6657,1.00,1.00
2017.10.25 02:45:17.055,1.6654,1.6657,1.00,1.00
2017.10.25 02:45:29.826,1.66541,1.6657,1.00,1.00
2017.10.25 02:45:31.164,1.66542,1.6657,1.00,1.00
2017.10.25 02:45:36.555,1.66546,1.66575,1.00,1.00
2017.10.25 02:45:36.606,1.66549,1.6658,1.00,1.50
2017.10.25 02:45:36.657,1.66551,1.6658,1.00,1.00
2017.10.25 02:45:37.174,1.66548,1.6658,1.00,1.00
2017.10.25 02:45:37.716,1.66549,1.6658,1.00,1.00
2017.10.25 02:45:43.309,1.66548,1.66577,1.00,1.00
2017.10.25 02:45:43.618,1.66532,1.66561,1.00,1.19
2017.10.25 02:45:43.669,1.66529,1.6656,1.00,1.25
2017.10.25 02:45:43.719,1.66525,1.66556,1.00,1.25
2017.10.25 02:45:44.183,1.66527,1.66557,1.00,1.69
2017.10.25 02:45:44.721,1.66527,1.66557,1.25,1.00
2017.10.25 02:45:45.605,1.66528,1.66557,1.00,1.00
2017.10.25 02:45:49.388,1.6653,1.6656,1.19,1.50
2017.10.25 02:45:49.489,1.66533,1.66564,1.00,1.00
2017.10.25 02:45:49.642,1.66535,1.66565,1.00,2.25
2017.10.25 02:45:55.141,1.66533,1.66563,1.50,1.19
2017.10.25 02:45:55.192,1.66529,1.6656,1.00,1.69
2017.10.25 02:45:55.294,1.66528,1.66558,1.50,1.25
2017.10.25 02:45:56.282,1.66528,1.66558,1.00,2.44
2017.10.25 02:45:56.790,1.66528,1.66558,1.00,1.69
2017.10.25 02:45:56.963,1.66526,1.66556,1.00,1.00
2017.10.25 02:46:05.892,1.66525,1.66556,1.00,1.50
2017.10.25 02:46:06.083,1.66525,1.66554,1.00,1.00
2017.10.25 02:46:06.782,1.66524,1.66554,1.00,1.50
2017.10.25 02:46:07.546,1.66524,1.66553,1.00,1.00
2017.10.25 02:46:14.613,1.66522,1.66551,1.25,1.00
2017.10.25 02:46:15.312,1.66522,1.66551,1.19,1.00
2017.10.25 02:46:16.719,1.66522,1.66551,1.00,1.00
2017.10.25 02:46:17.262,1.66523,1.66551,1.00,1.50
2017.10.25 02:46:20.447,1.66524,1.66551,1.00,1.00
2017.10.25 02:46:20.599,1.66522,1.66551,1.00,1.00
2017.10.25 02:46:22.312,1.66524,1.66551,1.00,1.00
2017.10.25 02:46:23.267,1.66527,1.66554,1.00,1.00
2017.10.25 02:46:24.979,1.66527,1.66553,1.00,1.00
2017.10.25 02:46:25.553,1.66527,1.66554,1.00,1.00
2017.10.25 02:46:26.752,1.66527,1.66553,1.00,1.00
2017.10.25 02:46:27.160,1.66527,1.66555,1.00,1.00
2017.10.25 02:46:27.705,1.66528,1.66556,1.00,1.00
2017.10.25 02:46:29.077,1.66529,1.66556,1.00,1.00
2017.10.25 02:46:29.625,1.66528,1.66556,1.00,1.50
2017.10.25 02:46:30.175,1.66527,1.66556,1.00,1.00
2017.10.25 02:46:36.605,1.66527,1.66557,1.00,1.50
2017.10.25 02:46:37.815,1.66527,1.66556,1.00,1.00
2017.10.25 02:46:38.458,1.66527,1.66555,1.00,1.00
2017.10.25 02:46:43.369,1.66527,1.66556,1.00,1.50
2017.10.25 02:46:45.785,1.66527,1.66554,1.00,1.00
2017.10.25 02:46:45.836,1.66524,1.66555,1.12,2.25
2017.10.25 02:46:46.361,1.66523,1.66555,2.44,2.25
2017.10.25 02:46:46.978,1.66523,1.66554,1.69,1.00
2017.10.25 02:46:48.112,1.66523,1.66555,1.69,1.50
2017.10.25 02:46:48.630,1.66523,1.66555,2.81,1.50
2017.10.25 02:46:49.594,1.66525,1.66555,1.25,1.00
2017.10.25 02:46:50.142,1.66524,1.66555,2.06,1.00
2017.10.25 02:46:51.355,1.66525,1.66555,1.50,1.00
2017.10.25 02:46:51.892,1.66524,1.66555,2.06,1.00
2017.10.25 02:46:57.788,1.66526,1.66556,1.50,1.00
2017.10.25 02:46:58.323,1.66526,1.66555,1.69,1.00
2017.10.25 02:46:59.130,1.66527,1.66555,1.00,1.00
2017.10.25 02:46:59.405,1.66527,1.66557,1.00,1.00
2017.10.25 02:47:01.360,1.66527,1.66556,2.06,1.00
2017.10.25 02:47:02.167,1.66527,1.66556,2.25,1.00
2017.10.25 02:47:02.692,1.66527,1.66556,1.25,1.00
2017.10.25 02:47:06.624,1.66529,1.66557,1.00,1.00
2017.10.25 02:47:06.957,1.66531,1.66558,1.00,1.50
2017.10.25 02:47:07.482,1.6653,1.66558,1.00,1.50
2017.10.25 02:47:08.247,1.6653,1.66557,1.00,1.00
2017.10.25 02:47:08.833,1.6653,1.66558,1.00,1.50
2017.10.25 02:47:12.755,1.66531,1.66558,1.00,1.50
2017.10.25 02:47:13.900,1.6653,1.66558,1.00,1.50
2017.10.25 02:47:19.591,1.6653,1.66557,1.00,1.00
2017.10.25 02:47:20.192,1.6653,1.66558,1.00,1.50
2017.10.25 02:47:20.561,1.6653,1.6656,1.50,1.00
2017.10.25 02:47:28.510,1.6653,1.6656,1.00,1.19
2017.10.25 02:47:41.258,1.6653,1.6656,1.00,1.25
2017.10.25 02:47:47.306,1.66536,1.6656,1.00,1.19
2017.10.25 02:47:47.407,1.66534,1.6656,1.00,1.00
2017.10.25 02:47:47.992,1.66533,1.6656,1.00,1.00
2017.10.25 02:47:48.616,1.66534,1.6656,1.00,1.00
2017.10.25 02:47:51.767,1.66532,1.6656,1.00,1.00
2017.10.25 02:48:00.709,1.6653,1.6656,1.00,1.25
2017.10.25 02:48:01.222,1.6653,1.6656,1.00,1.69
2017.10.25 02:48:01.751,1.66531,1.6656,1.00,1.00
2017.10.25 02:48:02.368,1.66532,1.6656,1.00,1.00
2017.10.25 02:48:03.020,1.66531,1.6656,1.00,1.00
2017.10.25 02:48:12.207,1.6653,1.6656,1.00,1.00
2017.10.25 02:48:16.445,1.66532,1.6656,1.00,1.00
2017.10.25 02:48:20.815,1.66532,1.66566,1.00,2.44
2017.10.25 02:48:26.975,1.66529,1.66566,1.00,1.69
2017.10.25 02:48:34.968,1.66532,1.66564,1.25,1.00
2017.10.25 02:48:35.488,1.66533,1.66564,1.00,1.00
2017.10.25 02:48:36.664,1.66536,1.66564,1.00,1.00
2017.10.25 02:48:46.430,1.66533,1.66564,1.00,1.00
2017.10.25 02:48:47.669,1.66535,1.66564,1.00,1.00
2017.10.25 02:48:51.966,1.66537,1.66564,1.00,1.00
2017.10.25 02:49:04.962,1.66538,1.66564,1.00,1.00
2017.10.25 02:49:13.612,1.66535,1.66564,1.00,1.19
2017.10.25 02:49:13.664,1.6653,1.66559,1.00,1.00
2017.10.25 02:50:13.754,1.66528,1.66564,1.25,1.19
2017.10.25 02:50:20.113,1.66529,1.66564,1.00,1.19
2017.10.25 02:50:20.228,1.66527,1.66564,3.37,1.69
2017.10.25 02:50:21.003,1.66528,1.66563,1.12,1.69
2017.10.25 02:50:25.209,1.66527,1.66561,1.50,1.25
2017.10.25 02:50:25.518,1.66528,1.66561,1.69,1.25
2017.10.25 02:50:27.767,1.66527,1.66564,3.19,1.19
2017.10.25 02:50:30.308,1.66527,1.66564,3.19,1.19
2017.10.25 02:50:32.766,1.66529,1.66566,1.00,2.06
2017.10.25 02:50:33.263,1.66532,1.66564,1.00,1.19
2017.10.25 02:50:38.079,1.66532,1.66564,1.00,1.19
2017.10.25 02:50:40.299,1.66532,1.66564,1.00,2.62
2017.10.25 02:50:40.877,1.66532,1.66563,1.00,2.06
2017.10.25 02:50:49.896,1.66532,1.66563,1.00,1.19
2017.10.25 02:50:51.754,1.66532,1.66562,1.00,1.69
2017.10.25 02:50:51.805,1.66527,1.66556,1.00,1.00
2017.10.25 02:50:58.994,1.66526,1.66556,2.25,1.00
2017.10.25 02:51:00.013,1.66528,1.66556,1.00,1.00
2017.10.25 02:51:00.270,1.66535,1.66565,1.00,1.50
2017.10.25 02:51:00.321,1.66536,1.66565,1.69,1.00
2017.10.25 02:51:00.669,1.66537,1.66565,1.75,1.00
2017.10.25 02:51:01.199,1.66536,1.66565,1.75,1.00
2017.10.25 02:51:03.187,1.66537,1.66565,1.56,1.00
2017.10.25 02:51:03.390,1.66538,1.66567,1.12,1.00
2017.10.25 02:51:03.869,1.6654,1.66567,1.31,1.00
2017.10.25 02:51:04.381,1.66539,1.66567,1.69,1.00
2017.10.25 02:51:05.247,1.66537,1.66567,4.65,1.00
2017.10.25 02:51:09.958,1.6654,1.66567,1.00,1.00
2017.10.25 02:51:10.709,1.66539,1.66567,1.50,1.00
2017.10.25 02:51:11.377,1.6654,1.66567,1.00,1.00
2017.10.25 02:51:11.529,1.66538,1.66566,1.00,1.00
2017.10.25 02:51:11.580,1.66537,1.66563,3.37,1.00
2017.10.25 02:51:11.900,1.66533,1.66561,2.62,1.00
2017.10.25 02:51:12.536,1.66533,1.66561,2.62,1.00
2017.10.25 02:51:14.825,1.66534,1.66561,1.00,1.00
2017.10.25 02:51:16.169,1.66534,1.66562,1.69,1.00
2017.10.25 02:51:17.691,1.66533,1.66564,5.06,1.50
2017.10.25 02:51:20.665,1.66534,1.66564,2.81,1.00
2017.10.25 02:51:21.220,1.66534,1.66564,1.69,1.00
2017.10.25 02:51:21.825,1.66534,1.66565,1.69,1.50
2017.10.25 02:51:26.279,1.66534,1.66564,2.06,1.00
2017.10.25 02:51:29.532,1.66535,1.66564,1.00,1.00
2017.10.25 02:51:30.141,1.66534,1.66564,1.12,1.00
2017.10.25 02:51:30.686,1.66534,1.66564,2.06,1.00
2017.10.25 02:51:31.221,1.66534,1.66564,1.12,1.00
2017.10.25 02:51:31.780,1.66534,1.66564,2.06,1.00
2017.10.25 02:51:33.065,1.66538,1.66564,1.19,1.00
2017.10.25 02:51:33.217,1.66535,1.66564,1.00,1.00
2017.10.25 02:51:34.344,1.66534,1.66564,1.00,1.00
2017.10.25 02:51:48.069,1.66534,1.66564,2.06,1.00
2017.10.25 02:51:49.929,1.66534,1.66564,1.12,1.00
2017.10.25 02:51:58.180,1.66538,1.66564,1.00,1.00
2017.10.25 02:52:01.430,1.66533,1.66563,2.25,1.00
2017.10.25 02:52:01.488,1.66533,1.66557,1.00,1.00
2017.10.25 02:52:02.198,1.66531,1.66557,1.00,1.00
2017.10.25 02:52:04.266,1.66531,1.66559,1.00,1.00
2017.10.25 02:52:06.268,1.66531,1.66556,1.00,1.00
2017.10.25 02:52:06.369,1.66526,1.66555,1.00,1.25
2017.10.25 02:52:06.471,1.66523,1.66554,1.50,1.00
2017.10.25 02:52:07.918,1.66523,1.66553,1.50,1.00
2017.10.25 02:52:08.070,1.66522,1.66551,1.00,1.00
2017.10.25 02:52:10.490,1.66523,1.66551,1.00,1.00
2017.10.25 02:52:14.550,1.66519,1.66551,2.62,1.00
2017.10.25 02:52:15.159,1.6652,1.66551,1.00,1.00
2017.10.25 02:52:17.066,1.66519,1.66551,2.62,1.00
2017.10.25 02:52:20.860,1.66522,1.66552,1.00,1.00
2017.10.25 02:52:22.259,1.66522,1.66554,1.00,1.69
2017.10.25 02:52:24.410,1.66523,1.66554,1.00,1.25
2017.10.25 02:52:24.871,1.66523,1.66554,1.37,1.25
2017.10.25 02:52:29.988,1.66522,1.66554,2.81,1.00
2017.10.25 02:52:30.155,1.66522,1.66551,1.00,1.00
2017.10.25 02:52:30.699,1.66522,1.6655,1.00,1.00
2017.10.25 02:52:37.649,1.66522,1.66549,1.00,1.00
2017.10.25 02:52:40.008,1.66522,1.6655,1.00,1.50
2017.10.25 02:52:42.052,1.66522,1.66549,1.00,1.00
2017.10.25 02:52:42.803,1.66522,1.6655,1.00,1.50
2017.10.25 02:52:48.928,1.66522,1.66549,1.00,1.00
2017.10.25 02:52:49.706,1.66522,1.6655,1.00,1.50
2017.10.25 02:52:53.168,1.66522,1.66549,1.00,1.00
2017.10.25 02:52:53.659,1.6652,1.66549,1.87,2.25
2017.10.25 02:52:54.215,1.66519,1.66548,1.87,1.50
2017.10.25 02:52:59.062,1.6652,1.66548,1.87,1.00
2017.10.25 02:53:00.181,1.6652,1.66549,1.87,2.25
2017.10.25 02:53:03.280,1.66519,1.66549,1.87,2.25
2017.10.25 02:53:03.794,1.66519,1.66549,2.44,1.50
2017.10.25 02:53:04.079,1.66521,1.66551,1.00,1.00
2017.10.25 02:53:09.137,1.66521,1.6655,1.31,1.00
2017.10.25 02:53:11.140,1.66522,1.6655,1.69,1.00
2017.10.25 02:53:11.710,1.66521,1.6655,3.19,1.00
2017.10.25 02:53:14.876,1.66522,1.6655,2.44,1.00
2017.10.25 02:53:15.395,1.66521,1.66551,2.81,1.00
2017.10.25 02:53:20.999,1.66522,1.66551,1.50,1.00
2017.10.25 02:53:21.875,1.66521,1.66551,2.25,1.00
2017.10.25 02:53:24.932,1.66525,1.6655,1.00,1.50
2017.10.25 02:53:24.983,1.66518,1.66546,1.00,1.00
2017.10.25 02:53:25.901,1.66518,1.66547,1.00,1.50
2017.10.25 02:53:28.936,1.66518,1.66548,1.00,2.25
2017.10.25 02:53:30.904,1.66518,1.66547,1.00,1.00
2017.10.25 02:53:31.518,1.66518,1.66548,1.00,1.00
2017.10.25 02:54:01.944,1.66521,1.6655,1.00,1.00
2017.10.25 02:54:02.248,1.66522,1.66551,1.19,1.00
2017.10.25 02:54:02.907,1.66523,1.66551,1.19,1.00
2017.10.25 02:54:03.418,1.66522,1.66551,1.19,1.00
2017.10.25 02:54:04.260,1.66523,1.66555,1.69,1.00
2017.10.25 02:54:04.311,1.66523,1.66555,1.19,1.00
2017.10.25 02:54:05.909,1.66523,1.66555,2.44,1.00
2017.10.25 02:54:07.417,1.66523,1.66555,2.44,1.00
2017.10.25 02:54:08.515,1.66523,1.66555,1.19,1.00
2017.10.25 02:54:09.347,1.66523,1.66555,2.44,1.00
2017.10.25 02:54:10.169,1.66523,1.66555,1.69,1.00
2017.10.25 02:54:15.766,1.66523,1.66555,3.94,1.00
2017.10.25 02:54:17.339,1.66523,1.66555,2.44,1.00
2017.10.25 02:54:17.514,1.66527,1.66557,1.00,1.00
2017.10.25 02:54:20.893,1.66529,1.66557,1.00,1.25
2017.10.25 02:54:21.734,1.66529,1.66557,1.00,1.69
2017.10.25 02:54:22.699,1.66529,1.66557,1.00,1.50
2017.10.25 02:54:26.350,1.66529,1.66556,1.00,1.00
2017.10.25 02:54:26.401,1.66526,1.66556,1.00,1.00
2017.10.25 02:54:27.696,1.66526,1.66556,1.00,1.19
2017.10.25 02:54:28.219,1.66526,1.66554,1.00,1.00
2017.10.25 02:54:29.293,1.66526,1.66555,1.00,1.25
2017.10.25 02:54:33.203,1.66526,1.66556,1.00,1.50
2017.10.25 02:54:35.749,1.66526,1.66556,1.00,1.19
2017.10.25 02:54:39.777,1.66526,1.66556,1.00,1.25
2017.10.25 02:54:42.277,1.66526,1.66558,1.00,1.69
2017.10.25 02:54:42.781,1.66526,1.66557,1.00,1.00
2017.10.25 02:54:50.011,1.66526,1.66558,1.12,2.44
2017.10.25 02:54:50.620,1.66526,1.66554,1.12,1.00
2017.10.25 02:54:50.935,1.66526,1.66551,1.00,1.00
2017.10.25 02:54:53.841,1.66526,1.66549,1.00,1.00
2017.10.25 02:54:57.694,1.66526,1.66551,1.00,1.00
2017.10.25 02:55:00.285,1.66523,1.66551,1.00,1.00
2017.10.25 02:55:16.520,1.66523,1.66553,1.00,1.00
2017.10.25 02:55:21.300,1.66523,1.66554,1.19,1.00
2017.10.25 02:55:21.830,1.66523,1.66555,1.69,1.00
2017.10.25 02:55:22.158,1.66523,1.66553,1.50,1.00
2017.10.25 02:55:22.849,1.66523,1.66555,1.00,1.69
2017.10.25 02:55:23.402,1.66523,1.66555,2.44,1.00
2017.10.25 02:55:23.555,1.6653,1.66555,1.00,1.00
2017.10.25 02:55:23.674,1.66531,1.6656,1.19,1.00
2017.10.25 02:55:23.726,1.66535,1.66564,1.00,1.00
2017.10.25 02:55:23.777,1.66537,1.66566,1.00,1.00
2017.10.25 02:55:24.082,1.66539,1.66567,1.00,1.00
2017.10.25 02:55:24.603,1.6654,1.66567,1.00,1.00
2017.10.25 02:55:27.807,1.66542,1.66567,1.00,1.00
2017.10.25 02:55:34.643,1.66542,1.6657,1.00,1.00
2017.10.25 02:55:39.906,1.66541,1.6657,1.50,1.00
2017.10.25 02:55:52.077,1.66542,1.6657,1.00,1.00
2017.10.25 02:55:53.851,1.66542,1.66569,1.00,1.00
2017.10.25 02:55:55.845,1.66541,1.66569,2.25,1.00
2017.10.25 02:56:01.439,1.66542,1.66569,1.00,1.00
2017.10.25 02:56:13.533,1.66542,1.66568,1.00,1.00
2017.10.25 02:56:16.656,1.66542,1.6657,1.00,1.00
2017.10.25 02:56:17.218,1.66544,1.6657,1.00,1.00
2017.10.25 02:56:25.054,1.66544,1.66572,1.00,1.50
2017.10.25 02:56:27.510,1.66545,1.66572,1.00,1.00
2017.10.25 02:56:31.917,1.66545,1.66571,1.00,1.00
2017.10.25 02:56:32.592,1.66544,1.66571,1.00,1.00
2017.10.25 02:56:37.336,1.66544,1.6657,1.00,1.00
2017.10.25 02:56:37.877,1.66545,1.6657,1.00,1.00
2017.10.25 02:56:38.808,1.66541,1.66568,1.00,1.00
2017.10.25 02:56:38.859,1.66538,1.66568,1.25,1.00
2017.10.25 02:56:38.961,1.66539,1.66566,1.00,1.00
2017.10.25 02:56:39.468,1.66538,1.66565,1.00,1.00
2017.10.25 02:56:57.984,1.66538,1.66566,1.00,1.00
2017.10.25 02:57:00.097,1.66538,1.66568,2.44,1.00
2017.10.25 02:57:00.250,1.66546,1.66576,1.00,1.50
2017.10.25 02:57:00.301,1.66548,1.66574,1.50,1.00
2017.10.25 02:57:00.828,1.66548,1.66575,1.50,1.00
2017.10.25 02:57:01.335,1.66549,1.66575,1.00,1.00
2017.10.25 02:57:02.087,1.66548,1.66575,1.50,1.00
2017.10.25 02:57:04.977,1.66549,1.66575,1.00,1.00
2017.10.25 02:57:05.483,1.66549,1.66576,1.00,1.00
2017.10.25 02:57:06.441,1.66548,1.66576,1.50,1.00
2017.10.25 02:57:08.959,1.66548,1.66576,1.69,1.00
2017.10.25 02:57:09.938,1.66548,1.66576,1.69,1.00
2017.10.25 02:57:10.445,1.66549,1.66576,1.00,1.00
2017.10.25 02:57:11.594,1.66548,1.66576,1.69,1.00
2017.10.25 02:57:13.349,1.66548,1.66578,1.69,1.50
2017.10.25 02:57:14.081,1.66549,1.66578,1.00,1.50
2017.10.25 02:57:16.038,1.66548,1.66577,1.25,1.00
2017.10.25 02:57:20.519,1.66548,1.66577,1.69,1.00
2017.10.25 02:57:21.048,1.66549,1.66578,1.31,1.00
2017.10.25 02:57:21.715,1.66548,1.66578,2.06,1.00
2017.10.25 02:57:29.089,1.66549,1.66578,1.00,1.50
2017.10.25 02:57:29.698,1.66549,1.66577,1.00,1.00
2017.10.25 02:57:30.130,1.66548,1.66576,1.00,1.19
2017.10.25 02:57:30.181,1.66544,1.66576,1.00,1.19
2017.10.25 02:57:30.331,1.66544,1.6657,1.00,1.00
2017.10.25 02:57:30.433,1.66542,1.6657,1.00,1.00
2017.10.25 02:57:35.953,1.66542,1.66571,1.00,2.25
2017.10.25 02:57:40.306,1.66542,1.6657,1.00,1.00
2017.10.25 02:57:41.014,1.66542,1.66571,1.00,1.50
