2017.10.16 11:00:00.075,1.66456,1.66476,1.00,1.00
2017.10.16 11:00:00.429,1.66456,1.66478,1.00,1.00
2017.10.16 11:00:00.745,1.66456,1.6648,1.00,1.00
2017.10.16 11:00:01.668,1.66456,1.66477,1.00,1.00
2017.10.16 11:00:02.861,1.66458,1.66477,1.00,1.00
2017.10.16 11:00:02.917,1.66458,1.66481,1.84,1.00
2017.10.16 11:00:03.019,1.66465,1.66485,1.00,1.00
2017.10.16 11:00:03.120,1.66468,1.6649,1.00,1.00
2017.10.16 11:00:03.171,1.66468,1.66493,1.25,1.00
2017.10.16 11:00:04.169,1.66468,1.66491,1.50,1.00
2017.10.16 11:00:04.424,1.66465,1.66491,1.25,1.00
2017.10.16 11:00:04.577,1.66465,1.66487,1.00,1.00
2017.10.16 11:00:05.126,1.66465,1.66486,1.00,1.00
2017.10.16 11:00:06.476,1.66457,1.66485,1.50,1.50
2017.10.16 11:00:06.527,1.66457,1.66481,1.00,1.00
2017.10.16 11:00:06.906,1.66449,1.66473,1.31,1.00
2017.10.16 11:00:07.556,1.66449,1.66473,1.25,1.00
2017.10.16 11:00:08.118,1.66449,1.66473,2.63,1.00
2017.10.16 11:00:08.220,1.6645,1.66476,1.19,1.00
2017.10.16 11:00:08.581,1.66453,1.66476,1.38,1.00
2017.10.16 11:00:08.682,1.66456,1.66481,1.25,1.00
2017.10.16 11:00:08.733,1.66457,1.66482,1.19,1.00
2017.10.16 11:00:08.987,1.66454,1.6648,1.50,1.00
2017.10.16 11:00:09.038,1.66454,1.66477,1.00,1.00
2017.10.16 11:00:09.437,1.66454,1.66475,1.00,1.00
2017.10.16 11:00:10.168,1.66451,1.66473,1.00,1.00
2017.10.16 11:00:17.840,1.66451,1.66475,1.00,1.00
2017.10.16 11:00:18.044,1.66453,1.66476,1.00,1.00
2017.10.16 11:00:18.894,1.66454,1.66477,1.00,1.00
2017.10.16 11:00:19.147,1.6646,1.66486,1.00,1.69
2017.10.16 11:00:19.198,1.66463,1.66484,1.00,1.00
2017.10.16 11:00:19.249,1.66463,1.66488,1.69,1.00
2017.10.16 11:00:19.300,1.66463,1.66486,1.69,1.00
2017.10.16 11:00:19.605,1.66464,1.66489,1.25,1.00
2017.10.16 11:00:20.012,1.66469,1.66491,1.00,1.00
2017.10.16 11:00:20.169,1.66473,1.66501,3.15,1.69
2017.10.16 11:00:21.106,1.66476,1.66501,2.06,1.00
2017.10.16 11:00:21.706,1.66476,1.66501,1.25,1.00
2017.10.16 11:00:22.223,1.66476,1.665,1.25,1.00
2017.10.16 11:00:22.376,1.66476,1.66497,1.12,1.00
2017.10.16 11:00:22.427,1.66476,1.665,1.12,1.00
2017.10.16 11:00:23.000,1.66473,1.66497,1.00,1.00
2017.10.16 11:00:23.316,1.66465,1.66491,1.31,1.00
2017.10.16 11:00:23.419,1.66465,1.66489,1.31,1.00
2017.10.16 11:00:23.927,1.66465,1.66489,1.25,1.00
2017.10.16 11:00:24.738,1.66465,1.66488,1.00,1.00
2017.10.16 11:00:25.136,1.66468,1.66488,1.00,1.00
2017.10.16 11:00:25.748,1.66465,1.66488,1.00,1.00
2017.10.16 11:00:26.769,1.66465,1.6649,1.00,1.00
2017.10.16 11:00:26.820,1.66465,1.66488,1.00,1.00
2017.10.16 11:00:27.148,1.6647,1.66492,1.31,1.00
2017.10.16 11:00:27.199,1.6647,1.66496,1.94,1.00
2017.10.16 11:00:27.250,1.66472,1.665,2.06,1.00
2017.10.16 11:00:27.301,1.66476,1.66501,1.19,1.00
2017.10.16 11:00:27.352,1.66476,1.66503,3.19,1.00
2017.10.16 11:00:27.403,1.66477,1.66505,1.69,1.00
2017.10.16 11:00:27.454,1.66477,1.66501,1.25,1.00
2017.10.16 11:00:28.307,1.66476,1.66501,1.69,1.00
2017.10.16 11:00:28.967,1.66476,1.665,1.00,1.00
2017.10.16 11:00:29.297,1.66476,1.66497,1.00,1.00
2017.10.16 11:00:30.262,1.66474,1.66495,1.00,1.00
2017.10.16 11:00:30.364,1.66472,1.66499,2.25,1.00
2017.10.16 11:00:31.667,1.66472,1.66499,2.44,1.00
2017.10.16 11:00:32.284,1.66472,1.66499,1.19,1.00
2017.10.16 11:00:33.329,1.66472,1.66499,1.19,1.00
2017.10.16 11:00:33.772,1.66472,1.66497,1.19,1.00
2017.10.16 11:00:34.486,1.66473,1.66498,1.19,1.00
2017.10.16 11:00:34.588,1.66476,1.66501,1.19,1.00
2017.10.16 11:00:34.892,1.66486,1.66509,1.00,1.00
2017.10.16 11:00:34.943,1.66487,1.66511,1.50,1.00
2017.10.16 11:00:35.051,1.66489,1.66511,1.00,1.00
2017.10.16 11:00:35.254,1.66488,1.66513,1.69,1.00
2017.10.16 11:00:35.305,1.66492,1.66513,1.25,1.00
2017.10.16 11:00:35.356,1.66492,1.66515,1.25,1.00
2017.10.16 11:00:35.913,1.66494,1.66515,1.00,1.00
2017.10.16 11:00:36.015,1.66497,1.66521,1.25,1.00
2017.10.16 11:00:36.205,1.66499,1.66524,1.25,1.00
2017.10.16 11:00:36.408,1.66499,1.66522,1.50,1.00
2017.10.16 11:00:36.830,1.66499,1.6652,1.50,1.00
2017.10.16 11:00:37.405,1.66499,1.66521,1.50,1.00
2017.10.16 11:00:42.591,1.66495,1.66519,1.00,1.00
2017.10.16 11:00:42.642,1.66493,1.66519,1.00,1.00
2017.10.16 11:00:42.693,1.66493,1.66512,1.00,1.00
2017.10.16 11:00:43.497,1.66489,1.66512,1.00,1.00
2017.10.16 11:00:48.706,1.66489,1.66513,1.00,1.00
2017.10.16 11:00:50.137,1.66489,1.66514,1.00,1.00
2017.10.16 11:00:50.337,1.66489,1.66512,1.00,1.00
2017.10.16 11:00:50.972,1.66493,1.66516,1.00,1.00
2017.10.16 11:00:51.024,1.66493,1.66518,1.69,1.00
2017.10.16 11:00:51.278,1.66493,1.6652,1.69,1.00
2017.10.16 11:00:51.802,1.66494,1.66521,1.00,1.00
2017.10.16 11:00:53.999,1.66493,1.66521,3.56,1.00
2017.10.16 11:00:54.201,1.66498,1.6652,1.00,1.00
2017.10.16 11:00:55.014,1.66498,1.66521,1.00,1.00
2017.10.16 11:00:55.343,1.66498,1.66523,1.00,1.00
2017.10.16 11:00:56.370,1.66498,1.66521,1.25,1.00
2017.10.16 11:00:56.951,1.66498,1.6652,1.25,1.00
2017.10.16 11:00:57.845,1.66497,1.6652,1.00,1.00
2017.10.16 11:00:58.393,1.66497,1.66519,1.00,1.00
2017.10.16 11:00:58.587,1.66493,1.66517,1.00,1.00
2017.10.16 11:00:58.639,1.6649,1.66517,2.25,1.00
2017.10.16 11:00:58.690,1.6649,1.66513,1.00,1.00
2017.10.16 11:00:58.741,1.66487,1.66512,1.00,1.00
2017.10.16 11:00:58.792,1.66487,1.66508,1.00,1.00
2017.10.16 11:00:58.894,1.66487,1.6651,1.00,1.00
2017.10.16 11:00:58.946,1.66485,1.66507,1.00,1.00
2017.10.16 11:00:59.130,1.66486,1.66509,1.00,1.00
2017.10.16 11:00:59.232,1.6649,1.66511,1.00,1.00
2017.10.16 11:00:59.284,1.66488,1.66512,1.50,1.00
2017.10.16 11:00:59.335,1.66492,1.66515,1.00,1.00
2017.10.16 11:00:59.387,1.66488,1.66513,1.50,1.00
2017.10.16 11:00:59.540,1.66491,1.66513,1.00,1.00
2017.10.16 11:00:59.592,1.66491,1.66515,1.00,1.00
2017.10.16 11:00:59.643,1.66493,1.66515,1.00,1.00
2017.10.16 11:01:00.159,1.66494,1.66513,1.00,1.00
2017.10.16 11:01:00.530,1.66494,1.66515,1.50,1.00
2017.10.16 11:01:00.858,1.66494,1.66513,1.50,1.00
2017.10.16 11:01:00.909,1.6649,1.66513,1.25,1.00
2017.10.16 11:01:01.150,1.66488,1.6651,1.00,1.00
2017.10.16 11:01:01.201,1.66484,1.66508,1.00,1.00
2017.10.16 11:01:01.252,1.66484,1.66505,1.00,1.00
2017.10.16 11:01:01.527,1.6648,1.66505,1.00,1.00
2017.10.16 11:01:01.629,1.6648,1.66503,1.00,1.00
2017.10.16 11:01:02.170,1.6648,1.66501,1.00,1.00
2017.10.16 11:01:02.640,1.6648,1.66504,1.00,1.00
2017.10.16 11:01:03.158,1.6648,1.66507,1.12,1.00
2017.10.16 11:01:03.209,1.66483,1.6651,1.69,1.00
2017.10.16 11:01:03.604,1.66491,1.66515,1.50,1.00
2017.10.16 11:01:03.655,1.66495,1.66519,1.00,1.00
2017.10.16 11:01:04.162,1.66495,1.66521,1.25,1.00
2017.10.16 11:01:04.351,1.66494,1.66519,2.44,1.00
2017.10.16 11:01:05.666,1.66494,1.66519,3.37,1.00
2017.10.16 11:01:05.717,1.66495,1.66521,1.00,1.00
2017.10.16 11:01:05.818,1.66497,1.66522,1.50,1.00
2017.10.16 11:01:06.382,1.66498,1.66522,1.00,1.00
2017.10.16 11:01:07.429,1.66498,1.66521,1.50,1.00
2017.10.16 11:01:07.531,1.66498,1.66523,1.50,1.00
2017.10.16 11:01:08.683,1.66498,1.66524,1.00,1.00
2017.10.16 11:01:08.997,1.66498,1.66526,1.50,1.00
2017.10.16 11:01:09.936,1.66498,1.66525,1.50,1.00
2017.10.16 11:01:11.086,1.66501,1.66527,1.50,1.00
2017.10.16 11:01:11.188,1.66502,1.66529,1.00,1.00
2017.10.16 11:01:11.441,1.66501,1.66527,1.00,1.00
2017.10.16 11:01:11.778,1.66501,1.66525,1.00,1.00
2017.10.16 11:01:11.996,1.66512,1.66538,1.50,1.00
2017.10.16 11:01:12.098,1.66509,1.66537,1.25,1.00
2017.10.16 11:01:12.637,1.66509,1.66535,1.50,1.00
2017.10.16 11:01:13.080,1.66508,1.66532,1.00,1.00
2017.10.16 11:01:14.738,1.66506,1.66532,1.00,1.00
2017.10.16 11:01:16.116,1.66509,1.66533,1.00,1.00
2017.10.16 11:01:16.167,1.66511,1.66537,1.50,1.00
2017.10.16 11:01:16.218,1.66511,1.66535,1.00,1.00
2017.10.16 11:01:16.371,1.66509,1.66535,2.25,1.00
2017.10.16 11:01:16.680,1.66509,1.66533,1.50,1.00
2017.10.16 11:01:16.781,1.66509,1.66535,1.50,1.00
2017.10.16 11:01:19.103,1.6651,1.66536,1.00,1.00
2017.10.16 11:01:19.204,1.66511,1.66538,1.00,1.00
2017.10.16 11:01:21.426,1.6651,1.66538,1.50,1.00
2017.10.16 11:01:21.951,1.66509,1.66538,1.00,1.00
2017.10.16 11:01:23.743,1.66509,1.66537,1.00,1.00
2017.10.16 11:01:24.594,1.66513,1.66537,1.00,1.00
2017.10.16 11:01:24.645,1.66513,1.66542,1.58,1.00
2017.10.16 11:01:24.848,1.66518,1.66542,1.00,1.00
2017.10.16 11:01:28.039,1.66518,1.66543,1.00,1.00
2017.10.16 11:01:28.090,1.66519,1.66545,1.00,1.00
2017.10.16 11:01:28.192,1.66519,1.66548,1.11,1.00
2017.10.16 11:01:28.778,1.66519,1.66548,1.21,2.25
2017.10.16 11:01:29.441,1.66519,1.66548,1.04,1.00
2017.10.16 11:01:29.666,1.66521,1.66548,1.12,1.00
2017.10.16 11:01:30.550,1.6652,1.66548,1.12,1.50
2017.10.16 11:01:31.003,1.6652,1.66546,1.00,1.00
2017.10.16 11:01:32.642,1.66519,1.66545,1.37,1.00
2017.10.16 11:01:33.570,1.66529,1.66546,1.68,1.00
2017.10.16 11:01:33.621,1.66537,1.66553,1.00,1.25
2017.10.16 11:01:33.764,1.66544,1.66566,1.00,1.50
2017.10.16 11:01:33.865,1.66544,1.66568,1.03,1.00
2017.10.16 11:01:33.916,1.66545,1.66571,1.04,1.00
2017.10.16 11:01:33.967,1.66546,1.66573,1.50,1.00
2017.10.16 11:01:34.069,1.66548,1.66576,1.00,1.00
2017.10.16 11:01:34.578,1.66548,1.66574,1.04,1.00
2017.10.16 11:01:34.739,1.66542,1.66569,1.00,1.00
2017.10.16 11:01:35.093,1.66542,1.66567,1.00,1.00
2017.10.16 11:01:36.427,1.66542,1.66565,1.00,1.00
2017.10.16 11:01:36.479,1.66539,1.66565,1.53,1.00
2017.10.16 11:01:36.939,1.66541,1.66565,1.00,1.00
2017.10.16 11:01:37.141,1.66539,1.66565,1.04,1.00
2017.10.16 11:01:37.357,1.66539,1.66565,1.03,1.00
2017.10.16 11:01:37.863,1.66539,1.66566,1.66,1.00
2017.10.16 11:01:38.328,1.66535,1.66561,1.00,1.00
2017.10.16 11:01:38.667,1.66535,1.66556,1.00,1.00
2017.10.16 11:01:39.225,1.66535,1.66555,1.00,1.00
2017.10.16 11:01:39.327,1.66535,1.66557,1.00,1.00
2017.10.16 11:01:39.646,1.66531,1.66557,2.06,1.00
2017.10.16 11:01:43.383,1.66531,1.66556,2.06,1.00
2017.10.16 11:01:43.957,1.66531,1.66557,1.00,1.00
2017.10.16 11:01:44.746,1.66531,1.66556,1.00,1.00
2017.10.16 11:01:47.525,1.66531,1.66557,1.00,1.00
2017.10.16 11:01:48.053,1.66531,1.66559,1.50,1.00
2017.10.16 11:01:48.600,1.66531,1.66558,1.00,1.00
2017.10.16 11:01:49.172,1.6653,1.66557,1.31,1.00
2017.10.16 11:01:49.856,1.66531,1.66558,1.00,1.00
2017.10.16 11:01:51.953,1.66531,1.66559,2.06,1.00
2017.10.16 11:01:52.545,1.66531,1.66555,1.00,1.00
2017.10.16 11:01:53.953,1.66531,1.66556,1.00,1.00
2017.10.16 11:01:54.274,1.66531,1.66554,1.00,1.00
2017.10.16 11:01:59.375,1.66531,1.66556,1.00,1.00
2017.10.16 11:01:59.748,1.66531,1.66554,1.00,1.00
2017.10.16 11:02:00.016,1.66533,1.66557,1.00,1.00
2017.10.16 11:02:00.134,1.66533,1.66559,1.00,1.00
2017.10.16 11:02:00.185,1.66532,1.66556,1.00,1.00
2017.10.16 11:02:00.688,1.66531,1.66556,1.00,1.00
2017.10.16 11:02:00.840,1.66528,1.66555,1.00,1.00
2017.10.16 11:02:00.891,1.66527,1.66551,1.50,1.00
2017.10.16 11:02:01.279,1.66527,1.66555,3.19,1.00
2017.10.16 11:02:02.079,1.66529,1.66555,1.00,1.00
2017.10.16 11:02:02.230,1.66527,1.66553,1.87,1.00
2017.10.16 11:02:02.551,1.66523,1.66547,1.25,1.00
2017.10.16 11:02:03.830,1.66523,1.66548,1.50,1.00
2017.10.16 11:02:04.834,1.66524,1.66548,1.00,1.00
2017.10.16 11:02:05.305,1.66525,1.66551,1.00,1.00
2017.10.16 11:02:05.994,1.66524,1.66551,1.00,1.00
2017.10.16 11:02:06.647,1.66523,1.66551,1.50,1.00
2017.10.16 11:02:07.907,1.66523,1.66549,1.25,1.00
2017.10.16 11:02:08.296,1.66523,1.66547,1.00,1.00
2017.10.16 11:02:08.998,1.66523,1.66549,1.00,1.00
2017.10.16 11:02:09.150,1.66525,1.66552,1.00,1.00
2017.10.16 11:02:09.353,1.66523,1.66552,1.69,1.00
2017.10.16 11:02:10.125,1.66523,1.6655,1.00,1.00
2017.10.16 11:02:10.674,1.66523,1.66549,1.00,1.00
2017.10.16 11:02:10.776,1.6652,1.66547,1.00,1.00
2017.10.16 11:02:10.827,1.6652,1.66545,1.00,1.00
2017.10.16 11:02:11.129,1.66519,1.66543,1.00,1.00
2017.10.16 11:02:11.281,1.66517,1.66543,2.62,1.00
2017.10.16 11:02:14.003,1.66517,1.66545,2.44,1.00
2017.10.16 11:02:14.527,1.66517,1.66544,1.00,1.00
2017.10.16 11:02:15.083,1.66519,1.66544,1.00,1.00
2017.10.16 11:02:15.185,1.66517,1.66544,1.00,1.00
2017.10.16 11:02:15.287,1.66517,1.66542,1.00,1.00
2017.10.16 11:02:15.439,1.66521,1.66548,1.00,1.00
2017.10.16 11:02:15.917,1.66521,1.66546,1.00,1.00
2017.10.16 11:02:16.283,1.66518,1.66545,1.00,1.00
2017.10.16 11:02:16.334,1.66517,1.66543,1.00,1.00
2017.10.16 11:02:16.905,1.66518,1.66544,1.00,1.00
2017.10.16 11:02:17.108,1.66521,1.66549,1.50,1.00
2017.10.16 11:02:17.209,1.66526,1.66552,1.50,1.00
2017.10.16 11:02:17.498,1.66533,1.6656,1.00,1.00
2017.10.16 11:02:17.650,1.66531,1.6656,2.25,1.00
2017.10.16 11:02:17.701,1.66531,1.66557,1.50,1.00
2017.10.16 11:02:18.289,1.66529,1.66556,1.00,1.00
2017.10.16 11:02:18.441,1.66527,1.66554,1.00,1.00
2017.10.16 11:02:18.746,1.66529,1.66555,1.50,1.00
2017.10.16 11:02:19.032,1.66529,1.66558,2.25,1.50
2017.10.16 11:02:19.083,1.66532,1.66558,1.00,1.00
2017.10.16 11:02:19.589,1.66533,1.66558,1.00,1.00
2017.10.16 11:02:20.113,1.66532,1.66557,1.00,1.00
2017.10.16 11:02:20.691,1.66532,1.66558,1.00,1.00
2017.10.16 11:02:21.016,1.66537,1.66564,1.00,1.50
2017.10.16 11:02:21.168,1.6654,1.66566,1.25,1.00
2017.10.16 11:02:21.371,1.66543,1.6657,1.00,1.00
2017.10.16 11:02:21.890,1.66544,1.66571,1.50,1.00
2017.10.16 11:02:22.432,1.66544,1.6657,1.00,1.00
2017.10.16 11:02:23.022,1.66543,1.6657,1.00,1.00
2017.10.16 11:02:23.649,1.66542,1.6657,2.25,1.00
2017.10.16 11:02:24.054,1.66542,1.66568,1.00,1.00
2017.10.16 11:02:24.358,1.66538,1.66562,1.00,1.00
2017.10.16 11:02:24.510,1.66535,1.66561,1.50,1.00
2017.10.16 11:02:24.712,1.66534,1.66557,1.00,1.00
2017.10.16 11:02:25.014,1.66538,1.66559,1.00,1.00
2017.10.16 11:02:25.369,1.66536,1.66559,1.00,1.00
2017.10.16 11:02:25.521,1.66535,1.66557,1.00,1.00
2017.10.16 11:02:25.725,1.66532,1.66557,1.69,1.00
2017.10.16 11:02:26.108,1.66532,1.66554,1.50,1.00
2017.10.16 11:02:26.361,1.66528,1.66551,1.00,1.00
2017.10.16 11:02:27.035,1.66527,1.66551,1.50,1.00
2017.10.16 11:02:27.664,1.66529,1.66551,1.00,1.00
2017.10.16 11:02:28.735,1.66529,1.66553,1.00,1.00
2017.10.16 11:02:29.149,1.66535,1.66555,1.00,1.00
2017.10.16 11:02:29.251,1.66534,1.66558,1.50,1.00
2017.10.16 11:02:29.403,1.66535,1.66556,1.25,1.00
2017.10.16 11:02:29.692,1.66535,1.66558,1.25,1.00
2017.10.16 11:02:30.200,1.66534,1.66558,1.00,1.00
2017.10.16 11:02:30.794,1.66534,1.66559,1.00,1.00
2017.10.16 11:02:31.616,1.66534,1.66557,1.50,1.00
2017.10.16 11:02:31.769,1.66529,1.66553,1.25,1.00
2017.10.16 11:02:32.073,1.66528,1.66551,1.00,1.00
2017.10.16 11:02:32.683,1.66527,1.66551,2.25,1.00
2017.10.16 11:02:33.589,1.66527,1.6655,1.00,1.00
2017.10.16 11:02:34.481,1.66519,1.66546,3.94,1.00
2017.10.16 11:02:34.532,1.66519,1.66544,2.44,1.00
2017.10.16 11:02:35.039,1.66519,1.66543,1.00,1.00
2017.10.16 11:02:37.017,1.66519,1.66544,1.00,1.00
2017.10.16 11:02:37.598,1.66519,1.66545,1.12,1.00
2017.10.16 11:02:38.241,1.66519,1.66545,1.19,1.00
2017.10.16 11:02:40.723,1.66519,1.66545,1.19,1.00
2017.10.16 11:02:42.215,1.66519,1.66543,1.19,1.00
2017.10.16 11:02:43.704,1.66517,1.66543,1.31,1.00
2017.10.16 11:02:44.227,1.66516,1.66543,1.19,1.00
2017.10.16 11:02:44.728,1.66517,1.66544,1.19,1.00
2017.10.16 11:02:45.236,1.66516,1.66544,1.19,1.00
2017.10.16 11:02:49.264,1.66516,1.66545,3.94,1.00
2017.10.16 11:02:49.961,1.66517,1.66545,1.19,1.00
2017.10.16 11:02:53.089,1.66517,1.66545,1.25,1.00
2017.10.16 11:02:53.300,1.66517,1.66543,1.25,1.00
2017.10.16 11:02:54.006,1.66518,1.66544,1.25,1.00
2017.10.16 11:02:55.145,1.66518,1.66545,1.25,1.00
2017.10.16 11:02:55.473,1.66518,1.66543,1.25,1.00
2017.10.16 11:02:57.427,1.66517,1.66543,1.00,1.00
2017.10.16 11:02:58.581,1.66517,1.66545,1.00,1.00
2017.10.16 11:03:00.181,1.66517,1.66544,1.69,1.00
2017.10.16 11:03:00.254,1.66517,1.66542,1.69,1.00
2017.10.16 11:03:00.614,1.66518,1.66544,1.00,1.00
2017.10.16 11:03:00.665,1.66516,1.66542,1.69,1.00
2017.10.16 11:03:00.768,1.66515,1.66543,1.69,1.50
2017.10.16 11:03:01.275,1.66515,1.6654,1.25,1.00
2017.10.16 11:03:01.837,1.66516,1.6654,1.00,1.00
2017.10.16 11:03:02.339,1.66516,1.66541,1.50,1.00
2017.10.16 11:03:02.651,1.66517,1.66543,1.00,1.50
2017.10.16 11:03:03.284,1.66516,1.66542,1.00,1.00
2017.10.16 11:03:04.394,1.66519,1.66543,1.00,1.00
2017.10.16 11:03:05.383,1.6652,1.66543,1.00,1.00
2017.10.16 11:03:06.800,1.66519,1.66543,1.50,1.50
2017.10.16 11:03:07.290,1.66515,1.66541,1.19,1.00
2017.10.16 11:03:07.797,1.66518,1.66541,1.00,1.00
2017.10.16 11:03:10.542,1.66519,1.66541,1.00,1.00
2017.10.16 11:03:11.091,1.66517,1.66541,1.00,1.00
2017.10.16 11:03:11.251,1.66517,1.66539,1.00,1.00
2017.10.16 11:03:11.770,1.66516,1.66539,1.69,1.00
2017.10.16 11:03:11.821,1.66513,1.66538,1.00,1.00
2017.10.16 11:03:12.707,1.66514,1.66538,1.00,1.00
2017.10.16 11:03:13.216,1.66515,1.66539,1.00,1.00
2017.10.16 11:03:14.376,1.66516,1.66539,1.00,1.00
2017.10.16 11:03:14.957,1.66515,1.66539,1.00,1.00
2017.10.16 11:03:15.146,1.66516,1.66541,1.25,1.00
2017.10.16 11:03:15.450,1.66518,1.66541,1.00,1.00
2017.10.16 11:03:15.925,1.66518,1.66543,1.00,1.00
2017.10.16 11:03:16.949,1.66519,1.66543,1.00,1.00
2017.10.16 11:03:20.738,1.66519,1.66544,1.00,1.00
2017.10.16 11:03:21.283,1.66519,1.66543,1.00,1.00
2017.10.16 11:03:21.537,1.66524,1.66544,1.00,1.00
2017.10.16 11:03:21.638,1.66527,1.66552,1.00,1.00
2017.10.16 11:03:22.158,1.66527,1.66553,1.25,1.00
2017.10.16 11:03:22.227,1.66529,1.66553,1.00,1.00
2017.10.16 11:03:22.328,1.66529,1.66555,1.00,1.00
2017.10.16 11:03:22.445,1.66531,1.66555,1.00,1.00
2017.10.16 11:03:23.011,1.6653,1.66555,1.50,1.00
2017.10.16 11:03:23.586,1.6653,1.66552,1.00,1.00
2017.10.16 11:03:24.315,1.6653,1.66555,1.00,1.00
2017.10.16 11:03:24.863,1.66529,1.66555,1.00,1.00
2017.10.16 11:03:25.449,1.6653,1.66555,1.00,1.00
2017.10.16 11:03:26.284,1.66531,1.66556,1.00,1.00
2017.10.16 11:03:26.831,1.6653,1.66557,1.50,1.00
2017.10.16 11:03:27.640,1.6653,1.66555,1.00,1.00
2017.10.16 11:03:28.736,1.66526,1.66553,1.00,1.87
2017.10.16 11:03:29.041,1.66531,1.66556,1.25,1.00
2017.10.16 11:03:29.245,1.66538,1.66565,1.25,1.00
2017.10.16 11:03:29.946,1.66541,1.66565,1.00,1.00
2017.10.16 11:03:30.454,1.6654,1.66565,1.00,1.00
2017.10.16 11:03:31.575,1.6654,1.66566,1.00,1.00
2017.10.16 11:03:33.708,1.6654,1.66567,1.00,1.50
2017.10.16 11:03:34.742,1.66541,1.66567,1.24,1.00
2017.10.16 11:03:35.969,1.66541,1.66566,1.24,1.00
2017.10.16 11:03:36.681,1.6654,1.66566,1.68,1.00
2017.10.16 11:03:37.215,1.6654,1.66567,1.68,1.00
2017.10.16 11:03:37.827,1.66541,1.66567,1.25,1.00
2017.10.16 11:03:38.366,1.66542,1.66566,1.00,1.00
2017.10.16 11:03:39.032,1.66543,1.66566,1.00,1.00
2017.10.16 11:03:39.534,1.66542,1.66566,1.00,1.00
2017.10.16 11:03:40.159,1.66542,1.66565,1.00,1.00
2017.10.16 11:03:41.631,1.66543,1.66565,1.00,1.00
2017.10.16 11:03:42.978,1.66542,1.66565,1.00,1.00
2017.10.16 11:03:43.160,1.66538,1.66563,1.00,1.00
2017.10.16 11:03:43.211,1.66537,1.6656,1.00,1.00
2017.10.16 11:03:43.724,1.66537,1.66559,1.00,1.00
2017.10.16 11:03:45.200,1.66537,1.6656,1.00,1.00
2017.10.16 11:03:45.851,1.66537,1.66561,1.00,1.00
2017.10.16 11:03:46.003,1.66539,1.66565,1.50,1.00
2017.10.16 11:03:46.792,1.66539,1.66565,1.68,1.00
2017.10.16 11:03:46.865,1.66539,1.66568,2.43,1.50
2017.10.16 11:03:47.171,1.66544,1.66568,1.00,1.00
2017.10.16 11:03:47.334,1.66547,1.66572,1.00,1.50
2017.10.16 11:03:48.112,1.66546,1.66572,1.00,1.00
2017.10.16 11:03:48.684,1.66547,1.66571,1.00,1.00
2017.10.16 11:03:49.196,1.66547,1.66572,1.00,1.00
2017.10.16 11:03:49.247,1.66546,1.66568,1.50,1.00
2017.10.16 11:03:49.298,1.66544,1.66568,1.00,1.00
2017.10.16 11:03:49.825,1.66544,1.66569,1.00,1.00
2017.10.16 11:03:50.368,1.66544,1.66568,1.00,1.00
2017.10.16 11:03:50.927,1.66544,1.66567,1.00,1.00
2017.10.16 11:03:53.522,1.66544,1.66565,1.00,1.00
2017.10.16 11:03:54.052,1.66544,1.66566,1.00,1.00
2017.10.16 11:03:54.485,1.66544,1.66569,1.00,1.00
2017.10.16 11:03:55.396,1.66544,1.6657,1.00,1.00
2017.10.16 11:04:00.723,1.66544,1.66571,1.00,1.00
2017.10.16 11:04:01.322,1.66544,1.66573,1.00,1.00
2017.10.16 11:04:01.575,1.66546,1.66572,1.00,1.00
2017.10.16 11:04:02.076,1.66546,1.66573,1.00,1.00
2017.10.16 11:04:02.549,1.66549,1.66573,1.00,1.00
2017.10.16 11:04:02.600,1.6655,1.66576,1.25,1.00
2017.10.16 11:04:02.651,1.66554,1.66578,1.00,1.00
2017.10.16 11:04:02.805,1.66553,1.66581,1.00,1.00
2017.10.16 11:04:03.413,1.66553,1.66582,1.00,1.00
2017.10.16 11:04:03.975,1.66554,1.66582,1.00,1.50
2017.10.16 11:04:04.311,1.66556,1.66581,1.00,1.00
2017.10.16 11:04:04.827,1.66555,1.66581,1.00,1.00
2017.10.16 11:04:06.147,1.66556,1.66581,1.00,1.00
2017.10.16 11:04:06.772,1.66559,1.66583,1.00,1.00
2017.10.16 11:04:08.146,1.66555,1.66583,2.25,1.00
2017.10.16 11:04:08.197,1.66556,1.66581,1.50,1.00
2017.10.16 11:04:08.830,1.66556,1.66582,1.50,1.00
2017.10.16 11:04:10.082,1.66556,1.66584,2.25,1.00
2017.10.16 11:04:11.187,1.66556,1.66584,2.44,1.00
2017.10.16 11:04:17.329,1.66556,1.66584,1.69,1.00
2017.10.16 11:04:20.267,1.66558,1.66584,1.00,1.00
2017.10.16 11:04:20.806,1.66559,1.66584,1.00,1.00
2017.10.16 11:04:22.366,1.66558,1.66585,1.00,1.00
2017.10.16 11:04:22.872,1.66555,1.66584,2.44,1.00
2017.10.16 11:04:23.585,1.66557,1.66583,1.25,1.00
2017.10.16 11:04:28.692,1.66557,1.66581,1.00,1.00
2017.10.16 11:04:28.743,1.66557,1.66584,1.50,1.00
2017.10.16 11:04:29.357,1.66559,1.66583,1.00,1.00
2017.10.16 11:04:29.517,1.66557,1.66583,2.25,1.00
2017.10.16 11:04:29.670,1.66562,1.66585,1.25,1.00
2017.10.16 11:04:29.771,1.66568,1.66593,1.09,1.00
2017.10.16 11:04:29.924,1.66569,1.66596,1.37,1.01
2017.10.16 11:04:30.228,1.66572,1.66595,1.00,1.01
2017.10.16 11:04:33.900,1.66571,1.66598,1.00,1.51
2017.10.16 11:04:34.437,1.66572,1.66598,1.00,1.51
2017.10.16 11:04:34.969,1.66573,1.66598,1.00,1.51
2017.10.16 11:04:35.173,1.66573,1.66598,1.68,1.00
2017.10.16 11:04:35.275,1.66576,1.66598,1.00,1.00
2017.10.16 11:04:35.780,1.66576,1.66599,1.00,1.00
2017.10.16 11:04:36.317,1.66576,1.666,1.00,1.00
2017.10.16 11:04:36.879,1.66576,1.66602,1.00,1.00
2017.10.16 11:04:37.184,1.66576,1.66599,1.00,1.00
2017.10.16 11:04:38.193,1.66576,1.66598,1.00,1.00
2017.10.16 11:04:38.822,1.66576,1.66599,1.00,1.00
2017.10.16 11:04:39.367,1.66576,1.66598,1.00,1.00
2017.10.16 11:04:43.684,1.66576,1.66599,1.00,1.00
2017.10.16 11:04:44.218,1.66576,1.66598,1.00,1.00
2017.10.16 11:04:47.251,1.66576,1.66597,1.00,1.00
2017.10.16 11:04:47.575,1.66569,1.66592,1.00,1.00
2017.10.16 11:04:47.879,1.66571,1.66595,1.50,1.00
2017.10.16 11:04:48.391,1.66571,1.66596,1.68,1.00
2017.10.16 11:04:50.127,1.66572,1.66596,1.25,1.00
2017.10.16 11:04:50.686,1.66571,1.66596,1.50,1.00
2017.10.16 11:04:51.415,1.66571,1.66595,1.25,1.00
2017.10.16 11:04:51.804,1.66577,1.66595,1.00,1.00
2017.10.16 11:04:51.906,1.66576,1.666,1.00,1.00
2017.10.16 11:04:51.957,1.66576,1.66602,1.50,1.00
2017.10.16 11:04:52.007,1.66576,1.66598,1.00,1.00
2017.10.16 11:04:52.059,1.66573,1.66598,3.19,1.00
2017.10.16 11:04:52.109,1.66577,1.66602,1.00,1.00
2017.10.16 11:04:52.413,1.66577,1.66599,1.00,1.00
2017.10.16 11:04:52.616,1.66579,1.66602,1.00,1.00
2017.10.16 11:04:52.667,1.66579,1.666,1.00,1.00
2017.10.16 11:04:53.182,1.66579,1.66601,1.00,1.00
2017.10.16 11:04:53.729,1.6658,1.66601,1.00,1.00
2017.10.16 11:04:54.087,1.66578,1.66601,1.00,1.00
2017.10.16 11:04:54.340,1.66578,1.66599,1.00,1.00
2017.10.16 11:04:54.669,1.66578,1.66602,1.00,1.00
2017.10.16 11:04:55.055,1.66576,1.66598,2.25,1.00
2017.10.16 11:04:55.803,1.66578,1.66599,1.00,1.00
2017.10.16 11:04:56.503,1.66577,1.66599,1.00,1.00
2017.10.16 11:04:56.884,1.66577,1.66597,1.00,1.00
2017.10.16 11:04:58.899,1.66578,1.66597,1.00,1.00
2017.10.16 11:04:59.001,1.66578,1.66599,1.00,1.00
2017.10.16 11:04:59.205,1.66576,1.66599,1.00,1.00
2017.10.16 11:04:59.509,1.66576,1.66601,1.00,1.00
2017.10.16 11:05:00.083,1.66576,1.66601,1.69,1.00
2017.10.16 11:05:00.185,1.66576,1.66603,1.19,1.00
2017.10.16 11:05:00.540,1.66577,1.66601,1.00,1.00
2017.10.16 11:05:01.015,1.66576,1.66599,1.00,1.00
2017.10.16 11:05:01.258,1.66576,1.66601,1.00,1.00
2017.10.16 11:05:02.013,1.66576,1.66603,1.00,1.00
2017.10.16 11:05:03.055,1.66576,1.66604,1.00,1.00
2017.10.16 11:05:03.378,1.66576,1.66602,1.00,1.00
2017.10.16 11:05:03.682,1.66573,1.66596,1.00,1.00
2017.10.16 11:05:03.733,1.66573,1.666,1.50,1.00
2017.10.16 11:05:03.785,1.66575,1.66601,1.00,1.00
2017.10.16 11:05:04.055,1.66575,1.66605,1.50,1.00
2017.10.16 11:05:04.157,1.66578,1.66605,1.00,1.00
2017.10.16 11:05:04.497,1.66604,1.66622,1.00,1.00
2017.10.16 11:05:04.559,1.66605,1.66626,1.00,3.00
2017.10.16 11:05:04.610,1.66607,1.66634,1.00,1.87
2017.10.16 11:05:04.711,1.66607,1.66632,1.50,1.00
2017.10.16 11:05:04.813,1.66609,1.66639,2.25,1.00
2017.10.16 11:05:05.065,1.66613,1.66638,1.00,1.00
2017.10.16 11:05:05.319,1.66606,1.66634,1.00,1.50
2017.10.16 11:05:05.370,1.66606,1.66628,1.00,1.00
2017.10.16 11:05:05.422,1.66602,1.66628,1.00,1.00
2017.10.16 11:05:05.727,1.66602,1.66633,1.69,1.50
2017.10.16 11:05:05.828,1.66606,1.66635,1.00,1.12
2017.10.16 11:05:06.167,1.6661,1.66637,1.50,1.00
2017.10.16 11:05:06.472,1.66613,1.66639,1.00,1.00
2017.10.16 11:05:06.646,1.66613,1.66641,1.00,1.50
2017.10.16 11:05:07.195,1.66613,1.6664,1.00,1.00
2017.10.16 11:05:07.477,1.66613,1.66637,1.00,1.50
2017.10.16 11:05:07.529,1.66609,1.66635,1.00,1.00
2017.10.16 11:05:08.035,1.66609,1.66637,1.00,1.50
2017.10.16 11:05:08.187,1.66609,1.66639,1.00,1.00
2017.10.16 11:05:08.414,1.66609,1.66637,1.00,1.00
2017.10.16 11:05:08.667,1.66609,1.66639,1.00,2.06
2017.10.16 11:05:09.328,1.66609,1.66633,1.00,1.31
2017.10.16 11:05:09.633,1.66606,1.66632,1.00,2.25
2017.10.16 11:05:09.836,1.66606,1.66634,1.00,2.44
2017.10.16 11:05:10.343,1.66606,1.66633,1.00,1.00
2017.10.16 11:05:10.974,1.66606,1.66634,1.00,1.87
2017.10.16 11:05:12.053,1.66606,1.66637,1.50,3.00
2017.10.16 11:05:12.577,1.66607,1.66636,1.00,1.12
2017.10.16 11:05:14.410,1.66606,1.66634,1.00,1.00
2017.10.16 11:05:14.888,1.66606,1.66632,1.00,1.00
2017.10.16 11:05:15.811,1.66606,1.66634,1.50,2.25
2017.10.16 11:05:16.976,1.66606,1.66633,1.50,1.00
2017.10.16 11:05:17.027,1.66606,1.6663,1.00,1.00
2017.10.16 11:05:17.078,1.66602,1.6663,3.00,1.37
2017.10.16 11:05:17.180,1.66602,1.66627,1.00,1.50
2017.10.16 11:05:17.230,1.66599,1.66625,1.00,1.00
2017.10.16 11:05:17.281,1.66596,1.66623,1.50,1.00
2017.10.16 11:05:17.332,1.66596,1.66619,1.00,1.00
2017.10.16 11:05:17.537,1.66594,1.66621,1.00,1.50
2017.10.16 11:05:18.063,1.66595,1.66621,1.00,1.00
2017.10.16 11:05:18.165,1.66593,1.66621,1.00,1.50
2017.10.16 11:05:18.578,1.66596,1.66621,1.00,1.50
2017.10.16 11:05:21.275,1.66593,1.66621,1.00,1.50
2017.10.16 11:05:22.931,1.66595,1.66621,1.00,1.00
2017.10.16 11:05:23.436,1.66597,1.66621,1.00,1.00
2017.10.16 11:05:23.960,1.66596,1.66621,1.00,1.00
2017.10.16 11:05:25.471,1.66597,1.66621,1.00,1.00
2017.10.16 11:05:26.894,1.66598,1.66621,1.00,1.00
2017.10.16 11:05:29.010,1.66597,1.66621,1.00,1.00
2017.10.16 11:05:31.016,1.66596,1.66621,1.00,1.00
2017.10.16 11:05:33.541,1.66597,1.66621,1.00,1.00
2017.10.16 11:05:34.052,1.66596,1.66621,1.00,1.00
2017.10.16 11:05:34.663,1.66595,1.66621,1.00,1.00
2017.10.16 11:05:38.024,1.66594,1.66621,1.00,1.00
2017.10.16 11:05:39.343,1.66594,1.66615,1.00,1.00
2017.10.16 11:05:39.395,1.66589,1.66614,1.00,1.44
2017.10.16 11:05:39.446,1.66584,1.6661,1.00,1.00
2017.10.16 11:05:39.550,1.66582,1.66609,1.00,1.00
2017.10.16 11:05:40.098,1.66581,1.66609,1.25,1.00
2017.10.16 11:05:40.890,1.66586,1.66609,1.00,1.00
2017.10.16 11:05:41.103,1.66584,1.66609,1.00,1.00
2017.10.16 11:05:41.636,1.66585,1.66609,1.00,1.00
2017.10.16 11:05:41.856,1.66587,1.66609,1.00,1.00
2017.10.16 11:05:41.957,1.66588,1.66611,1.00,1.00
2017.10.16 11:05:42.008,1.66589,1.66615,1.00,1.00
2017.10.16 11:05:42.060,1.66593,1.66615,1.00,1.00
2017.10.16 11:05:42.110,1.66596,1.66619,1.00,1.00
2017.10.16 11:05:43.111,1.66594,1.66619,1.00,1.00
2017.10.16 11:05:43.643,1.66593,1.66619,1.00,1.50
2017.10.16 11:05:43.876,1.66593,1.66617,1.00,1.00
2017.10.16 11:05:43.927,1.66589,1.66615,1.00,1.00
2017.10.16 11:05:44.508,1.66588,1.66615,1.00,1.00
2017.10.16 11:05:45.484,1.66587,1.66615,1.00,1.00
2017.10.16 11:05:46.198,1.66588,1.66615,1.00,1.00
2017.10.16 11:05:46.947,1.66587,1.66615,1.00,1.00
2017.10.16 11:05:47.517,1.66588,1.66615,1.00,1.00
2017.10.16 11:05:53.067,1.66588,1.66615,1.00,2.06
2017.10.16 11:05:54.098,1.66588,1.66612,1.00,1.00
2017.10.16 11:05:56.172,1.66588,1.66613,1.00,1.00
2017.10.16 11:05:57.015,1.66588,1.66612,1.00,1.25
2017.10.16 11:05:57.066,1.66586,1.66613,1.00,1.87
2017.10.16 11:05:57.268,1.66587,1.6661,1.00,1.00
2017.10.16 11:06:00.055,1.66586,1.66611,1.00,1.00
2017.10.16 11:06:00.106,1.66584,1.66611,1.00,1.00
2017.10.16 11:06:00.664,1.66583,1.66611,1.00,1.00
2017.10.16 11:06:03.406,1.66582,1.66611,1.00,1.12
2017.10.16 11:06:04.323,1.66581,1.66611,2.25,1.12
2017.10.16 11:06:05.325,1.6658,1.6661,1.50,1.00
2017.10.16 11:06:05.836,1.66581,1.6661,1.00,1.62
2017.10.16 11:06:06.525,1.6658,1.66608,1.50,1.00
2017.10.16 11:06:07.122,1.66581,1.66608,1.00,1.00
2017.10.16 11:06:07.916,1.66581,1.66611,1.00,3.37
2017.10.16 11:06:12.568,1.66581,1.66611,1.00,1.87
2017.10.16 11:06:13.214,1.66581,1.66611,1.50,1.37
2017.10.16 11:06:13.786,1.66581,1.66611,1.00,1.44
2017.10.16 11:06:14.600,1.66583,1.66611,1.00,2.62
2017.10.16 11:06:15.095,1.66585,1.66611,1.00,1.19
2017.10.16 11:06:18.275,1.66583,1.66607,1.00,1.75
2017.10.16 11:06:18.326,1.66577,1.66603,1.00,1.25
2017.10.16 11:06:18.427,1.66574,1.666,1.00,1.25
2017.10.16 11:06:19.147,1.66573,1.66601,1.50,1.69
2017.10.16 11:06:22.905,1.66573,1.666,1.00,1.31
2017.10.16 11:06:23.870,1.66573,1.66601,1.00,2.06
2017.10.16 11:06:24.375,1.66573,1.666,1.00,1.31
2017.10.16 11:06:25.917,1.66573,1.666,1.00,1.12
2017.10.16 11:06:26.418,1.66573,1.66601,1.00,2.44
2017.10.16 11:06:27.623,1.66573,1.666,1.00,1.25
2017.10.16 11:06:28.130,1.66573,1.66601,1.00,1.69
2017.10.16 11:06:31.199,1.66578,1.66601,1.00,1.00
2017.10.16 11:06:31.250,1.6658,1.66605,1.00,1.00
2017.10.16 11:06:31.301,1.66581,1.66607,1.00,1.00
2017.10.16 11:06:31.402,1.66581,1.6661,2.25,1.62
2017.10.16 11:06:32.166,1.66581,1.6661,1.00,1.00
2017.10.16 11:06:32.368,1.66578,1.66607,1.00,2.06
2017.10.16 11:06:32.426,1.66576,1.66607,2.25,2.06
2017.10.16 11:06:32.856,1.66578,1.66607,1.00,1.87
2017.10.16 11:06:33.059,1.66576,1.66607,2.25,1.00
2017.10.16 11:06:33.404,1.66579,1.66607,1.00,1.00
2017.10.16 11:06:35.995,1.6658,1.66607,1.00,1.00
2017.10.16 11:06:36.046,1.6658,1.6661,1.00,1.00
2017.10.16 11:06:36.576,1.6658,1.66609,1.00,1.00
2017.10.16 11:06:37.125,1.66581,1.6661,1.00,1.12
2017.10.16 11:06:37.784,1.66581,1.6661,1.00,1.44
2017.10.16 11:06:39.343,1.6658,1.6661,1.50,1.25
2017.10.16 11:06:39.865,1.66581,1.6661,1.00,1.31
2017.10.16 11:06:40.143,1.66579,1.66609,1.50,1.00
2017.10.16 11:06:41.194,1.6658,1.6661,1.00,2.25
2017.10.16 11:06:43.335,1.66581,1.6661,1.00,2.25
2017.10.16 11:06:50.141,1.66581,1.66609,1.00,1.00
2017.10.16 11:06:50.708,1.66581,1.6661,1.00,1.50
2017.10.16 11:06:51.341,1.66581,1.66609,1.00,1.00
2017.10.16 11:06:52.281,1.66581,1.6661,1.00,1.50
2017.10.16 11:06:52.844,1.6658,1.6661,1.00,2.25
2017.10.16 11:06:54.005,1.6658,1.66609,1.25,1.00
2017.10.16 11:06:54.411,1.66582,1.66609,1.00,1.00
2017.10.16 11:06:55.383,1.66584,1.6661,1.00,1.00
2017.10.16 11:06:55.927,1.66583,1.6661,1.00,1.00
2017.10.16 11:07:01.238,1.66581,1.6661,1.00,1.00
2017.10.16 11:07:03.409,1.66582,1.6661,1.00,1.00
2017.10.16 11:07:04.996,1.66581,1.6661,2.25,1.00
2017.10.16 11:07:08.647,1.66585,1.6661,1.00,1.00
2017.10.16 11:07:08.699,1.66586,1.66614,1.25,1.50
2017.10.16 11:07:08.750,1.66588,1.66616,1.00,1.00
2017.10.16 11:07:08.954,1.66586,1.66615,1.50,1.25
2017.10.16 11:07:12.895,1.66586,1.66614,1.00,1.00
2017.10.16 11:07:13.285,1.66583,1.66612,1.00,1.00
2017.10.16 11:07:13.925,1.66583,1.66611,1.00,1.00
2017.10.16 11:07:14.961,1.66583,1.66611,1.00,1.19
2017.10.16 11:07:15.012,1.6658,1.66608,1.00,1.75
2017.10.16 11:07:15.063,1.66577,1.66604,1.00,1.12
2017.10.16 11:07:15.114,1.66574,1.666,1.00,1.00
2017.10.16 11:07:15.317,1.66572,1.66599,1.00,1.00
2017.10.16 11:07:16.113,1.66568,1.66591,1.00,1.00
2017.10.16 11:07:16.215,1.66564,1.66592,1.00,1.50
2017.10.16 11:07:16.370,1.66563,1.6659,1.00,1.00
2017.10.16 11:07:16.471,1.6656,1.6659,1.69,1.00
2017.10.16 11:07:16.623,1.6656,1.66588,1.00,1.00
2017.10.16 11:07:17.936,1.66557,1.66588,1.69,1.50
2017.10.16 11:07:18.619,1.66557,1.66586,1.69,1.00
2017.10.16 11:07:18.923,1.66566,1.66595,1.00,1.75
2017.10.16 11:07:18.974,1.66565,1.66594,1.00,1.00
2017.10.16 11:07:19.177,1.66565,1.66592,1.00,1.00
2017.10.16 11:07:19.774,1.66565,1.66593,1.00,1.50
2017.10.16 11:07:19.825,1.66562,1.66591,1.25,1.00
2017.10.16 11:07:21.104,1.66562,1.6659,1.00,1.00
2017.10.16 11:07:24.446,1.66562,1.66591,1.00,1.50
2017.10.16 11:07:28.884,1.66562,1.6659,1.00,1.00
2017.10.16 11:07:29.420,1.66562,1.66591,1.00,1.69
2017.10.16 11:07:30.006,1.66562,1.6659,1.00,1.00
2017.10.16 11:07:30.204,1.66559,1.66588,1.00,1.00
2017.10.16 11:07:31.465,1.6656,1.66587,1.19,1.00
2017.10.16 11:07:31.516,1.66563,1.66591,1.25,1.00
2017.10.16 11:07:31.567,1.66567,1.66595,1.19,1.00
2017.10.16 11:07:32.074,1.66569,1.66596,1.50,1.00
2017.10.16 11:07:32.385,1.6657,1.66598,1.00,1.00
2017.10.16 11:07:32.678,1.66574,1.66599,1.00,1.00
2017.10.16 11:07:32.729,1.66573,1.66603,1.50,1.69
2017.10.16 11:07:32.780,1.66573,1.666,1.00,1.00
2017.10.16 11:07:37.431,1.66573,1.66602,1.00,1.00
2017.10.16 11:07:37.583,1.66575,1.66601,1.25,1.00
2017.10.16 11:07:37.685,1.6658,1.66609,1.69,2.25
2017.10.16 11:07:38.013,1.66585,1.66612,1.87,1.00
2017.10.16 11:07:38.532,1.66585,1.66612,1.69,1.00
2017.10.16 11:07:39.115,1.66586,1.66616,1.19,1.50
2017.10.16 11:07:39.910,1.66588,1.66617,1.00,1.50
2017.10.16 11:07:40.442,1.6659,1.66621,1.00,1.69
2017.10.16 11:07:41.110,1.6659,1.66621,1.50,2.81
2017.10.16 11:07:41.161,1.6659,1.66618,1.00,1.00
2017.10.16 11:07:41.687,1.66589,1.66618,1.00,1.00
2017.10.16 11:07:42.628,1.66591,1.66619,1.00,1.00
2017.10.16 11:07:43.409,1.66591,1.66618,1.00,1.00
2017.10.16 11:07:44.196,1.66591,1.66618,1.50,1.19
2017.10.16 11:07:44.432,1.66582,1.66611,1.50,2.25
2017.10.16 11:07:44.797,1.66582,1.6661,1.00,1.31
2017.10.16 11:07:45.101,1.66579,1.66607,1.00,1.00
2017.10.16 11:07:45.618,1.66579,1.66606,1.00,1.00
2017.10.16 11:07:47.468,1.66579,1.66607,1.00,1.50
2017.10.16 11:07:47.786,1.66574,1.666,1.00,1.00
2017.10.16 11:07:47.887,1.66567,1.66595,1.00,1.00
2017.10.16 11:07:47.938,1.66567,1.66593,1.00,1.00
2017.10.16 11:07:48.530,1.66567,1.66592,1.00,1.00
2017.10.16 11:07:55.303,1.66563,1.66592,1.69,1.00
2017.10.16 11:07:55.354,1.6656,1.66583,1.00,1.00
2017.10.16 11:07:55.405,1.6656,1.66587,3.00,1.00
2017.10.16 11:07:55.456,1.66564,1.66591,1.00,1.00
2017.10.16 11:07:55.507,1.66571,1.66592,1.00,1.00
2017.10.16 11:07:55.558,1.66573,1.66602,1.50,1.25
2017.10.16 11:07:55.609,1.66573,1.66603,2.06,1.00
2017.10.16 11:07:56.141,1.66575,1.66604,1.00,1.50
2017.10.16 11:07:56.889,1.66574,1.66604,1.25,1.50
2017.10.16 11:07:58.424,1.66575,1.66604,1.19,1.50
2017.10.16 11:08:04.800,1.66574,1.66604,1.19,1.50
2017.10.16 11:08:05.291,1.66573,1.666,1.00,1.00
2017.10.16 11:08:06.814,1.66574,1.66601,1.25,1.00
2017.10.16 11:08:07.147,1.66576,1.66603,1.00,1.00
2017.10.16 11:08:07.731,1.66576,1.66604,1.00,1.00
2017.10.16 11:08:08.233,1.66576,1.66603,1.00,1.00
2017.10.16 11:08:08.914,1.66576,1.66604,1.00,1.00
2017.10.16 11:08:09.595,1.66576,1.66603,1.00,1.00
2017.10.16 11:08:09.697,1.66576,1.66607,1.12,2.25
2017.10.16 11:08:09.849,1.66581,1.66609,1.19,1.50
2017.10.16 11:08:09.900,1.66582,1.66611,1.25,1.00
2017.10.16 11:08:09.951,1.66584,1.66613,1.00,1.00
2017.10.16 11:08:11.710,1.66584,1.66612,1.12,1.00
2017.10.16 11:08:12.437,1.66584,1.6661,1.12,1.00
2017.10.16 11:08:12.846,1.66587,1.66613,1.00,1.00
2017.10.16 11:08:12.897,1.66584,1.66614,1.19,1.50
2017.10.16 11:08:12.948,1.66584,1.66612,1.19,1.00
2017.10.16 11:08:13.464,1.66584,1.66611,1.00,1.00
2017.10.16 11:08:14.003,1.66583,1.66611,1.50,1.00
2017.10.16 11:08:14.510,1.66583,1.66611,1.19,1.00
2017.10.16 11:08:15.019,1.66583,1.66612,1.19,1.00
2017.10.16 11:08:15.753,1.66586,1.66614,1.25,1.00
2017.10.16 11:08:16.145,1.6659,1.66617,1.00,1.34
2017.10.16 11:08:16.371,1.66593,1.66621,1.50,1.00
2017.10.16 11:08:16.473,1.66589,1.66619,1.00,1.50
2017.10.16 11:08:16.677,1.66591,1.6662,1.00,1.69
2017.10.16 11:08:16.982,1.6659,1.66618,1.00,1.00
2017.10.16 11:08:17.544,1.66589,1.66618,1.00,1.50
2017.10.16 11:08:17.646,1.66587,1.66617,1.25,1.50
2017.10.16 11:08:17.911,1.66586,1.66617,1.00,1.69
2017.10.16 11:08:18.063,1.66586,1.66616,1.00,1.00
2017.10.16 11:08:18.266,1.66586,1.66614,1.00,1.00
2017.10.16 11:08:19.374,1.66586,1.66615,1.00,2.25
2017.10.16 11:08:24.856,1.66586,1.66614,1.69,1.00
2017.10.16 11:08:24.906,1.66586,1.66615,1.50,1.00
2017.10.16 11:08:26.388,1.66586,1.66614,1.00,1.00
2017.10.16 11:08:28.484,1.66586,1.66615,1.00,2.25
2017.10.16 11:08:31.788,1.66583,1.66614,2.25,1.00
2017.10.16 11:08:31.941,1.66583,1.66612,1.00,1.00
2017.10.16 11:08:32.595,1.66583,1.66613,1.00,1.00
2017.10.16 11:08:33.166,1.66583,1.66614,1.50,1.69
2017.10.16 11:08:35.915,1.66583,1.66612,1.50,1.00
2017.10.16 11:08:36.268,1.66583,1.66614,2.25,1.00
2017.10.16 11:08:36.811,1.66583,1.66613,1.00,1.25
2017.10.16 11:08:37.275,1.6658,1.6661,1.00,1.69
2017.10.16 11:08:37.579,1.66575,1.66604,1.69,1.00
2017.10.16 11:08:37.886,1.66576,1.66602,1.25,1.00
2017.10.16 11:08:42.528,1.66575,1.66602,1.50,1.00
2017.10.16 11:08:42.870,1.66568,1.66594,1.00,1.00
2017.10.16 11:08:43.332,1.66568,1.66596,1.00,1.00
2017.10.16 11:08:43.995,1.66568,1.66598,1.00,1.31
2017.10.16 11:08:45.656,1.66572,1.66599,1.00,1.50
2017.10.16 11:08:45.863,1.66575,1.66603,1.25,1.00
2017.10.16 11:08:46.422,1.66584,1.66612,1.00,1.00
2017.10.16 11:08:48.445,1.66578,1.66607,2.25,1.00
2017.10.16 11:08:48.496,1.66578,1.66604,1.50,1.00
2017.10.16 11:08:49.016,1.66577,1.66605,1.00,1.00
2017.10.16 11:08:51.065,1.66578,1.66605,1.00,1.00
2017.10.16 11:08:51.741,1.66576,1.66599,1.00,1.00
2017.10.16 11:08:51.792,1.66574,1.666,1.00,1.00
2017.10.16 11:08:51.843,1.66572,1.666,1.50,1.00
2017.10.16 11:08:52.046,1.66572,1.66603,1.50,2.06
2017.10.16 11:08:53.475,1.66572,1.66603,1.50,2.06
2017.10.16 11:08:55.017,1.66572,1.66603,1.00,1.31
2017.10.16 11:08:55.565,1.66571,1.66598,1.00,1.25
2017.10.16 11:08:55.869,1.66569,1.66598,1.00,1.69
2017.10.16 11:08:56.413,1.66567,1.66596,1.50,1.19
2017.10.16 11:08:56.919,1.66567,1.66596,1.00,1.25
2017.10.16 11:08:57.432,1.66566,1.66596,2.25,1.00
2017.10.16 11:08:58.645,1.66566,1.66596,1.50,1.62
2017.10.16 11:08:59.175,1.66567,1.66596,1.00,1.62
2017.10.16 11:08:59.733,1.66566,1.66596,1.50,1.62
2017.10.16 11:08:59.986,1.66573,1.66598,1.00,1.00
2017.10.16 11:09:00.037,1.66574,1.66601,1.00,1.50
2017.10.16 11:09:00.088,1.66576,1.66601,1.00,1.00
2017.10.16 11:09:00.393,1.66573,1.66601,1.69,1.00
2017.10.16 11:09:00.748,1.66574,1.66601,3.75,1.00
2017.10.16 11:09:01.764,1.66574,1.66601,1.25,1.00
2017.10.16 11:09:03.252,1.66575,1.66601,1.00,1.00
2017.10.16 11:09:03.455,1.66575,1.66605,1.25,1.50
2017.10.16 11:09:04.145,1.66575,1.66603,1.00,1.19
2017.10.16 11:09:04.247,1.66573,1.66601,1.50,1.31
2017.10.16 11:09:04.298,1.66573,1.66598,1.00,1.00
2017.10.16 11:09:04.451,1.66569,1.66596,1.00,1.37
2017.10.16 11:09:06.111,1.6657,1.66598,1.00,1.19
2017.10.16 11:09:06.163,1.66569,1.66595,1.50,1.12
2017.10.16 11:09:06.400,1.66565,1.66596,2.25,4.31
2017.10.16 11:09:06.552,1.66567,1.66595,1.00,1.62
2017.10.16 11:09:07.418,1.66568,1.66596,1.25,1.00
2017.10.16 11:09:07.469,1.66569,1.66596,1.19,1.00
2017.10.16 11:09:07.520,1.66575,1.66603,1.00,1.00
2017.10.16 11:09:07.571,1.66577,1.66603,1.00,1.00
2017.10.16 11:09:08.044,1.66573,1.66598,1.00,3.00
2017.10.16 11:09:08.095,1.66569,1.66594,3.00,1.00
2017.10.16 11:09:08.147,1.66564,1.66591,1.50,1.46
2017.10.16 11:09:08.249,1.66559,1.66587,2.44,1.00
2017.10.16 11:09:08.452,1.66555,1.66583,1.69,1.00
2017.10.16 11:09:08.502,1.66558,1.66587,1.19,1.00
2017.10.16 11:09:09.004,1.66559,1.66588,1.25,1.09
2017.10.16 11:09:09.335,1.66566,1.66596,1.00,1.84
2017.10.16 11:09:09.638,1.66569,1.66596,1.00,1.84
2017.10.16 11:09:10.148,1.66568,1.66596,1.00,1.27
2017.10.16 11:09:10.704,1.66567,1.66596,1.00,1.27
2017.10.16 11:09:11.415,1.66568,1.66596,1.00,1.27
2017.10.16 11:09:12.502,1.66569,1.66596,1.00,1.00
2017.10.16 11:09:12.829,1.66568,1.66595,1.00,1.37
2017.10.16 11:09:13.176,1.66566,1.66594,1.00,1.25
2017.10.16 11:09:13.566,1.66564,1.66592,1.00,1.00
2017.10.16 11:09:15.050,1.66565,1.66591,1.00,1.00
2017.10.16 11:09:15.101,1.66563,1.6659,1.00,1.00
2017.10.16 11:09:15.203,1.66561,1.66589,2.25,1.87
2017.10.16 11:09:15.314,1.66565,1.66589,1.00,1.00
2017.10.16 11:09:15.365,1.66567,1.66593,1.00,2.25
2017.10.16 11:09:17.193,1.66567,1.66592,1.00,1.00
2017.10.16 11:09:17.764,1.66566,1.66592,1.50,1.00
2017.10.16 11:09:18.353,1.66566,1.66589,1.00,1.00
2017.10.16 11:09:18.455,1.66559,1.66583,1.00,1.00
2017.10.16 11:09:18.657,1.66557,1.66582,1.00,1.00
2017.10.16 11:09:20.486,1.66554,1.66582,1.00,1.50
2017.10.16 11:09:20.588,1.66553,1.6658,1.50,1.00
2017.10.16 11:09:20.893,1.66549,1.66573,1.00,1.50
2017.10.16 11:09:21.056,1.66545,1.66571,1.00,1.12
2017.10.16 11:09:21.107,1.66544,1.66567,1.00,1.00
2017.10.16 11:09:21.803,1.66543,1.66568,1.00,2.25
2017.10.16 11:09:22.308,1.66543,1.66567,1.00,1.00
2017.10.16 11:09:22.837,1.66543,1.66568,1.00,1.50
2017.10.16 11:09:24.985,1.6654,1.66568,1.00,1.50
2017.10.16 11:09:25.289,1.66542,1.66568,1.00,1.50
2017.10.16 11:09:25.727,1.66544,1.6657,1.00,1.00
2017.10.16 11:09:26.293,1.66543,1.6657,1.00,1.00
2017.10.16 11:09:27.166,1.66544,1.6657,1.00,1.00
2017.10.16 11:09:27.673,1.66546,1.6657,1.00,1.00
2017.10.16 11:09:27.775,1.66544,1.6657,1.25,1.50
2017.10.16 11:09:27.826,1.66544,1.66568,1.00,1.00
2017.10.16 11:09:28.332,1.66545,1.66571,1.00,1.87
2017.10.16 11:09:28.687,1.66543,1.6657,1.00,1.12
2017.10.16 11:09:29.609,1.66544,1.66571,1.00,2.62
2017.10.16 11:09:30.481,1.66543,1.6657,1.00,2.62
2017.10.16 11:09:31.765,1.66539,1.66568,1.25,2.25
2017.10.16 11:09:32.245,1.66539,1.66565,1.31,1.00
2017.10.16 11:09:32.764,1.66538,1.66564,1.31,1.00
2017.10.16 11:09:33.355,1.66538,1.66564,1.25,1.00
2017.10.16 11:09:33.406,1.66538,1.66557,1.00,1.00
2017.10.16 11:09:33.457,1.66531,1.66557,1.50,1.00
2017.10.16 11:09:33.559,1.6653,1.66554,1.25,1.00
2017.10.16 11:09:33.863,1.6653,1.66557,1.25,1.50
2017.10.16 11:09:35.435,1.6653,1.66557,1.19,1.50
2017.10.16 11:09:35.696,1.6653,1.66555,1.69,1.00
2017.10.16 11:09:36.436,1.6653,1.66555,1.00,1.00
2017.10.16 11:09:36.487,1.66527,1.66554,1.00,1.00
2017.10.16 11:09:36.539,1.66527,1.66552,1.00,1.00
2017.10.16 11:09:37.077,1.66526,1.66551,1.19,1.00
2017.10.16 11:09:37.179,1.66526,1.66554,1.19,1.87
2017.10.16 11:09:37.230,1.66526,1.66554,1.19,1.87
2017.10.16 11:09:37.731,1.66526,1.66554,1.19,1.50
2017.10.16 11:09:38.221,1.66528,1.66554,1.69,1.00
2017.10.16 11:09:38.357,1.66533,1.66559,1.19,2.25
2017.10.16 11:09:38.459,1.66535,1.66563,1.69,1.00
2017.10.16 11:09:38.962,1.66537,1.66563,1.25,1.00
2017.10.16 11:09:39.475,1.66538,1.66563,1.25,1.00
2017.10.16 11:09:39.791,1.66538,1.66567,1.19,2.25
2017.10.16 11:09:39.842,1.66537,1.66567,1.69,1.50
2017.10.16 11:09:40.386,1.66539,1.66567,1.19,1.87
2017.10.16 11:09:40.958,1.66539,1.66567,1.25,1.12
2017.10.16 11:09:41.212,1.66539,1.66563,1.00,1.00
2017.10.16 11:09:41.263,1.66535,1.66563,1.69,1.87
2017.10.16 11:09:41.314,1.66537,1.66563,1.19,1.00
2017.10.16 11:09:41.466,1.66537,1.66566,2.06,1.00
2017.10.16 11:09:42.013,1.66536,1.66565,1.69,1.12
2017.10.16 11:09:42.778,1.66536,1.66567,2.44,1.50
2017.10.16 11:09:42.829,1.66536,1.66565,2.44,1.00
2017.10.16 11:09:43.755,1.66537,1.66563,1.25,1.00
2017.10.16 11:09:43.951,1.66535,1.66563,1.12,1.00
2017.10.16 11:09:44.484,1.66537,1.66563,1.00,1.00
2017.10.16 11:09:45.012,1.66537,1.66563,1.69,1.00
2017.10.16 11:09:45.594,1.66537,1.66563,1.19,1.00
2017.10.16 11:09:46.039,1.66537,1.66563,1.25,1.00
2017.10.16 11:09:47.995,1.66537,1.66563,1.19,1.00
2017.10.16 11:09:48.675,1.66537,1.66563,1.19,1.00
2017.10.16 11:09:48.935,1.6654,1.66566,1.25,1.00
2017.10.16 11:09:48.987,1.66538,1.66565,1.00,1.00
2017.10.16 11:09:49.037,1.66535,1.6656,1.31,1.00
2017.10.16 11:09:49.089,1.66533,1.6656,1.69,1.00
2017.10.16 11:09:50.608,1.66533,1.66561,1.25,1.00
2017.10.16 11:09:50.963,1.66537,1.66562,1.19,1.00
2017.10.16 11:09:51.014,1.6654,1.66567,1.19,3.00
2017.10.16 11:09:51.065,1.6654,1.66569,1.69,3.00
2017.10.16 11:09:51.268,1.66544,1.66569,1.00,1.00
2017.10.16 11:09:52.303,1.66545,1.66569,1.00,1.00
2017.10.16 11:09:53.096,1.66543,1.66569,1.69,1.00
2017.10.16 11:09:54.230,1.66545,1.66569,1.00,1.00
2017.10.16 11:09:55.628,1.66546,1.66569,1.00,1.00
2017.10.16 11:09:55.729,1.66546,1.66571,1.00,1.00
2017.10.16 11:09:56.548,1.66546,1.66572,1.00,1.00
2017.10.16 11:09:58.604,1.66546,1.66571,1.00,1.00
2017.10.16 11:09:59.185,1.66546,1.66572,1.00,1.00
2017.10.16 11:10:00.069,1.66547,1.66572,1.00,1.00
2017.10.16 11:10:00.120,1.6655,1.66573,1.00,1.00
2017.10.16 11:10:00.171,1.66549,1.66576,1.00,1.00
2017.10.16 11:10:00.222,1.66554,1.66577,1.00,1.00
2017.10.16 11:10:00.527,1.66561,1.66586,1.00,1.50
2017.10.16 11:10:01.045,1.66561,1.66586,1.00,1.87
2017.10.16 11:10:01.656,1.66561,1.66586,1.00,1.00
2017.10.16 11:10:01.759,1.66562,1.66586,1.00,1.37
2017.10.16 11:10:01.891,1.6656,1.66585,1.00,1.37
2017.10.16 11:10:01.944,1.66559,1.66584,1.00,1.37
2017.10.16 11:10:02.460,1.66558,1.66583,1.00,1.87
2017.10.16 11:10:03.274,1.66562,1.66583,1.00,1.00
2017.10.16 11:10:03.529,1.66559,1.66583,1.00,1.62
2017.10.16 11:10:03.580,1.66553,1.66579,1.50,1.37
2017.10.16 11:10:03.683,1.66551,1.66575,1.00,1.87
2017.10.16 11:10:03.885,1.66548,1.66572,1.00,1.12
2017.10.16 11:10:04.422,1.66547,1.66571,1.00,1.87
2017.10.16 11:10:04.694,1.66545,1.66571,1.00,1.87
2017.10.16 11:10:05.279,1.66544,1.66568,1.00,1.00
2017.10.16 11:10:05.799,1.66545,1.66568,1.00,1.00
2017.10.16 11:10:06.167,1.66542,1.66568,1.25,1.00
2017.10.16 11:10:07.107,1.66542,1.66568,1.19,1.00
2017.10.16 11:10:09.268,1.66543,1.66568,1.19,1.00
2017.10.16 11:10:09.817,1.66544,1.66571,1.25,1.00
2017.10.16 11:10:10.319,1.66545,1.66572,1.00,1.00
2017.10.16 11:10:10.420,1.66548,1.66572,1.00,1.00
2017.10.16 11:10:11.334,1.66553,1.66578,1.25,1.50
2017.10.16 11:10:11.385,1.66555,1.66578,1.00,1.00
2017.10.16 11:10:11.436,1.66557,1.66581,1.00,1.00
2017.10.16 11:10:11.689,1.66559,1.66581,1.00,1.00
2017.10.16 11:10:12.263,1.66557,1.66581,1.00,1.00
2017.10.16 11:10:12.518,1.66557,1.66583,1.00,1.00
2017.10.16 11:10:12.670,1.66559,1.66583,1.00,1.00
2017.10.16 11:10:13.180,1.66559,1.66584,1.00,1.00
2017.10.16 11:10:13.281,1.66556,1.66584,2.06,1.00
2017.10.16 11:10:13.796,1.66556,1.66584,1.00,1.00
2017.10.16 11:10:14.734,1.66552,1.66565,1.00,1.00
2017.10.16 11:10:14.785,1.66544,1.66568,1.52,1.87
2017.10.16 11:10:14.836,1.66542,1.66566,1.52,1.00
2017.10.16 11:10:14.938,1.66542,1.66568,2.02,1.87
2017.10.16 11:10:15.090,1.66543,1.66568,1.00,1.00
2017.10.16 11:10:15.608,1.66544,1.66568,1.00,1.00
2017.10.16 11:10:15.661,1.66546,1.66573,1.00,2.62
2017.10.16 11:10:16.041,1.66548,1.66573,1.00,1.00
2017.10.16 11:10:16.605,1.66548,1.66572,1.00,1.00
2017.10.16 11:10:17.118,1.66548,1.66573,1.00,1.87
2017.10.16 11:10:17.704,1.66548,1.66572,1.00,1.00
2017.10.16 11:10:18.240,1.66548,1.66573,1.00,1.87
2017.10.16 11:10:18.560,1.6654,1.66568,1.50,1.00
2017.10.16 11:10:19.098,1.6654,1.66567,1.50,1.12
2017.10.16 11:10:19.786,1.6654,1.66568,1.50,1.00
2017.10.16 11:10:21.698,1.66541,1.66568,1.50,1.00
2017.10.16 11:10:22.025,1.6654,1.66568,1.50,1.56
2017.10.16 11:10:22.430,1.66538,1.66565,1.00,1.37
2017.10.16 11:10:22.957,1.66539,1.66566,1.00,2.62
2017.10.16 11:10:23.509,1.66539,1.66565,1.00,1.37
2017.10.16 11:10:23.661,1.66539,1.66566,1.19,2.25
2017.10.16 11:10:23.712,1.66543,1.66566,1.00,1.00
2017.10.16 11:10:23.763,1.66544,1.66569,1.00,1.12
2017.10.16 11:10:24.200,1.66548,1.66569,1.00,1.00
2017.10.16 11:10:24.460,1.66547,1.66572,1.00,1.50
2017.10.16 11:10:25.939,1.66548,1.66572,1.00,1.00
2017.10.16 11:10:27.211,1.6655,1.66576,1.00,1.12
2017.10.16 11:10:27.313,1.66548,1.66569,1.00,1.25
2017.10.16 11:10:27.364,1.66545,1.66567,1.00,1.50
2017.10.16 11:10:27.415,1.6654,1.66567,1.50,2.62
2017.10.16 11:10:27.466,1.66538,1.66562,1.00,1.00
2017.10.16 11:10:27.518,1.66536,1.66562,1.00,1.00
2017.10.16 11:10:27.569,1.66536,1.66562,2.06,1.00
2017.10.16 11:10:28.175,1.66539,1.66562,1.25,1.00
2017.10.16 11:10:28.483,1.66552,1.66576,1.00,1.00
2017.10.16 11:10:28.888,1.66549,1.66576,1.50,1.12
2017.10.16 11:10:29.253,1.6655,1.66576,1.69,1.00
2017.10.16 11:10:29.569,1.66553,1.66576,1.00,1.00
2017.10.16 11:10:29.620,1.6655,1.66576,1.69,1.00
2017.10.16 11:10:30.190,1.66552,1.66576,1.00,1.00
2017.10.16 11:10:31.296,1.66549,1.66576,2.44,1.00
2017.10.16 11:10:31.676,1.66549,1.66572,1.50,1.00
2017.10.16 11:10:32.149,1.66546,1.66572,1.50,1.00
2017.10.16 11:10:32.200,1.66544,1.66568,1.00,1.00
2017.10.16 11:10:32.251,1.6654,1.66568,1.00,1.50
2017.10.16 11:10:32.302,1.6654,1.66566,1.00,1.00
2017.10.16 11:10:32.606,1.66542,1.66566,1.00,1.00
2017.10.16 11:10:33.115,1.66541,1.66566,1.00,1.00
2017.10.16 11:10:34.101,1.66545,1.66569,1.25,1.00
2017.10.16 11:10:34.253,1.66548,1.66573,1.00,1.00
2017.10.16 11:10:35.118,1.6655,1.66573,1.00,1.00
2017.10.16 11:10:35.429,1.66546,1.66573,1.69,1.00
2017.10.16 11:10:37.449,1.66547,1.66573,1.00,1.00
2017.10.16 11:10:38.038,1.66546,1.66573,1.50,1.00
2017.10.16 11:10:38.139,1.66548,1.66573,1.00,1.00
2017.10.16 11:10:38.343,1.66546,1.66573,1.50,1.00
2017.10.16 11:10:38.679,1.66548,1.66573,1.00,1.00
2017.10.16 11:10:39.281,1.66549,1.66573,1.00,1.00
2017.10.16 11:10:41.129,1.66547,1.66573,1.00,1.00
2017.10.16 11:10:41.321,1.66547,1.66568,1.00,1.00
2017.10.16 11:10:41.423,1.66544,1.66568,1.50,1.00
2017.10.16 11:10:43.174,1.66543,1.66568,2.25,1.00
2017.10.16 11:10:43.276,1.66542,1.66568,1.00,1.94
2017.10.16 11:10:43.327,1.66539,1.66568,2.25,1.94
2017.10.16 11:10:43.429,1.66535,1.66562,3.19,1.00
2017.10.16 11:10:43.720,1.66535,1.66562,1.50,1.00
2017.10.16 11:10:44.019,1.66535,1.66559,1.00,1.00
2017.10.16 11:10:44.812,1.66536,1.66559,1.00,1.00
2017.10.16 11:10:45.388,1.66533,1.66559,1.00,1.50
2017.10.16 11:10:45.529,1.66528,1.66555,1.25,1.50
2017.10.16 11:10:45.681,1.66527,1.66552,1.19,1.00
2017.10.16 11:10:46.215,1.66528,1.66552,1.69,1.00
2017.10.16 11:10:48.169,1.66528,1.66552,1.25,1.00
2017.10.16 11:10:48.372,1.66524,1.66552,2.44,1.00
2017.10.16 11:10:48.523,1.66523,1.6655,1.31,1.00
2017.10.16 11:10:48.803,1.66522,1.6655,1.31,1.00
2017.10.16 11:10:52.473,1.66524,1.6655,1.00,1.00
2017.10.16 11:10:52.907,1.66522,1.6655,1.25,1.00
2017.10.16 11:10:53.238,1.66524,1.6655,1.00,1.00
2017.10.16 11:10:53.799,1.66526,1.6655,1.44,1.00
2017.10.16 11:10:53.975,1.66527,1.66554,2.06,1.00
2017.10.16 11:10:54.026,1.66527,1.66554,1.87,1.00
2017.10.16 11:10:55.878,1.66528,1.66554,1.56,1.00
2017.10.16 11:10:55.979,1.66525,1.66554,1.62,1.00
2017.10.16 11:10:56.779,1.66525,1.66554,2.25,1.00
2017.10.16 11:10:57.303,1.66525,1.66554,1.62,1.00
2017.10.16 11:10:58.813,1.66525,1.66554,2.44,1.00
2017.10.16 11:10:59.425,1.66525,1.66554,1.37,1.00
2017.10.16 11:11:00.565,1.66524,1.66554,1.87,1.50
2017.10.16 11:11:01.075,1.66524,1.66553,1.12,1.50
2017.10.16 11:11:01.480,1.66523,1.6655,1.87,1.00
2017.10.16 11:11:02.266,1.66522,1.6655,3.00,1.00
2017.10.16 11:11:02.892,1.66523,1.6655,1.62,1.00
2017.10.16 11:11:04.919,1.66523,1.6655,1.00,1.00
2017.10.16 11:11:05.457,1.66522,1.6655,1.50,1.00
2017.10.16 11:11:07.324,1.66519,1.6655,2.81,1.50
2017.10.16 11:11:07.738,1.66524,1.6655,1.69,1.00
2017.10.16 11:11:08.042,1.66526,1.66553,2.44,1.00
2017.10.16 11:11:09.567,1.66528,1.66553,1.56,1.00
2017.10.16 11:11:09.719,1.66525,1.66553,1.00,1.00
2017.10.16 11:11:10.264,1.66524,1.66553,1.31,1.00
2017.10.16 11:11:10.391,1.66527,1.66553,1.00,1.00
2017.10.16 11:11:10.868,1.66523,1.6655,1.00,1.00
2017.10.16 11:11:10.918,1.66522,1.66546,1.00,1.00
2017.10.16 11:11:10.969,1.66517,1.66546,2.06,1.37
2017.10.16 11:11:11.505,1.66516,1.66546,1.50,1.00
2017.10.16 11:11:12.033,1.66517,1.66546,1.19,1.12
2017.10.16 11:11:12.781,1.66516,1.66546,2.44,1.00
2017.10.16 11:11:13.284,1.66517,1.66546,1.31,1.12
2017.10.16 11:11:13.966,1.66517,1.66546,1.19,1.00
2017.10.16 11:11:14.219,1.66524,1.66546,1.19,1.00
2017.10.16 11:11:14.270,1.66527,1.66552,1.19,1.00
2017.10.16 11:11:14.450,1.66527,1.66556,1.69,1.00
2017.10.16 11:11:15.520,1.66529,1.66556,1.00,1.00
2017.10.16 11:11:15.759,1.66527,1.66556,1.69,1.00
2017.10.16 11:11:16.751,1.66528,1.66556,1.00,1.00
2017.10.16 11:11:18.215,1.66528,1.66556,1.19,1.00
2017.10.16 11:11:18.897,1.66529,1.66556,1.00,1.00
2017.10.16 11:11:19.589,1.66526,1.66556,1.69,1.00
2017.10.16 11:11:20.148,1.66531,1.66558,1.00,1.00
2017.10.16 11:11:20.669,1.6653,1.66559,1.50,1.00
2017.10.16 11:11:21.379,1.66531,1.66559,1.25,1.00
2017.10.16 11:11:22.962,1.66545,1.66566,1.00,1.50
2017.10.16 11:11:23.115,1.66544,1.66572,1.19,1.00
2017.10.16 11:11:23.217,1.66543,1.66572,1.19,1.37
2017.10.16 11:11:23.501,1.66541,1.6657,2.25,1.37
2017.10.16 11:11:24.122,1.66541,1.66569,1.00,1.37
2017.10.16 11:11:24.224,1.66538,1.66568,2.25,1.12
2017.10.16 11:11:24.502,1.66543,1.66568,1.19,1.37
2017.10.16 11:11:24.554,1.66542,1.66569,1.25,1.37
2017.10.16 11:11:24.607,1.66545,1.66569,1.00,1.00
2017.10.16 11:11:24.658,1.66548,1.66573,1.00,1.12
2017.10.16 11:11:24.978,1.66549,1.66576,1.00,1.00
2017.10.16 11:11:25.029,1.66546,1.66577,1.19,1.87
2017.10.16 11:11:25.282,1.66546,1.66573,1.00,1.00
2017.10.16 11:11:25.596,1.66542,1.6657,1.00,1.50
2017.10.16 11:11:25.698,1.6654,1.66567,1.00,1.00
2017.10.16 11:11:26.054,1.6654,1.66569,1.00,2.25
2017.10.16 11:11:26.105,1.6654,1.66567,1.00,1.00
2017.10.16 11:11:26.157,1.66538,1.66567,1.00,1.50
2017.10.16 11:11:26.259,1.66538,1.66566,1.00,2.44
2017.10.16 11:11:26.811,1.66537,1.66564,1.25,1.00
2017.10.16 11:11:27.540,1.6654,1.66564,1.00,1.00
2017.10.16 11:11:27.731,1.66537,1.66567,1.69,1.00
2017.10.16 11:11:27.782,1.66536,1.66566,1.50,2.06
2017.10.16 11:11:28.035,1.6654,1.66569,1.25,1.87
2017.10.16 11:11:28.566,1.6654,1.66568,1.19,1.12
2017.10.16 11:11:29.118,1.66542,1.66569,1.00,1.87
2017.10.16 11:11:29.219,1.6654,1.66569,1.25,1.87
2017.10.16 11:11:29.473,1.6654,1.66569,2.06,1.87
2017.10.16 11:11:29.525,1.66541,1.66572,3.19,1.87
2017.10.16 11:11:29.677,1.66545,1.66572,1.25,1.00
2017.10.16 11:11:29.829,1.66546,1.66574,1.00,1.00
2017.10.16 11:11:29.981,1.66542,1.66569,1.00,1.12
2017.10.16 11:11:30.698,1.66542,1.66569,1.00,1.37
2017.10.16 11:11:32.046,1.66542,1.6657,1.25,1.37
2017.10.16 11:11:32.583,1.66542,1.66569,1.25,1.37
2017.10.16 11:11:34.349,1.6654,1.66567,1.19,1.00
2017.10.16 11:11:34.554,1.66537,1.66565,1.19,1.50
2017.10.16 11:11:34.605,1.66536,1.66565,1.25,1.12
2017.10.16 11:11:34.706,1.66537,1.66565,1.19,1.12
2017.10.16 11:11:34.959,1.66536,1.66565,1.69,1.87
2017.10.16 11:11:35.718,1.66536,1.66565,1.19,1.12
2017.10.16 11:11:36.630,1.66538,1.66565,1.19,1.37
2017.10.16 11:11:36.811,1.66542,1.6657,1.19,1.00
2017.10.16 11:11:37.065,1.66539,1.6657,2.44,1.87
2017.10.16 11:11:37.116,1.66539,1.6657,1.50,2.62
2017.10.16 11:11:38.109,1.66539,1.66566,1.00,1.00
2017.10.16 11:11:38.809,1.66538,1.66566,1.69,1.00
2017.10.16 11:11:39.515,1.66539,1.66566,1.00,1.12
2017.10.16 11:11:40.886,1.66538,1.66566,1.69,1.00
2017.10.16 11:11:41.100,1.66536,1.66567,1.50,1.50
2017.10.16 11:11:41.151,1.66538,1.66567,1.19,1.00
2017.10.16 11:11:41.252,1.66537,1.66567,1.00,1.00
2017.10.16 11:11:41.758,1.66536,1.66567,3.00,1.00
2017.10.16 11:11:42.467,1.66538,1.66567,1.31,1.50
2017.10.16 11:11:43.153,1.66538,1.66567,1.25,1.00
2017.10.16 11:11:47.977,1.66537,1.66567,2.25,1.50
2017.10.16 11:11:48.148,1.66537,1.66567,1.25,1.00
2017.10.16 11:11:48.688,1.66537,1.66567,1.19,1.12
2017.10.16 11:11:49.423,1.66539,1.66567,1.00,1.12
2017.10.16 11:11:51.580,1.66537,1.66567,1.25,1.00
2017.10.16 11:11:52.114,1.66536,1.66564,1.00,1.25
2017.10.16 11:11:52.215,1.6653,1.6656,2.06,1.87
2017.10.16 11:11:52.317,1.6653,1.66557,1.50,1.00
2017.10.16 11:11:52.732,1.66526,1.66555,1.31,1.00
2017.10.16 11:11:53.134,1.6653,1.66555,3.00,1.00
2017.10.16 11:11:53.186,1.66534,1.6656,1.25,1.00
2017.10.16 11:11:53.237,1.66533,1.66562,1.69,1.50
2017.10.16 11:11:53.743,1.66534,1.66562,1.69,1.00
2017.10.16 11:11:54.253,1.66536,1.66562,1.00,1.00
2017.10.16 11:11:54.509,1.66533,1.66562,1.50,1.12
2017.10.16 11:11:54.561,1.66533,1.66561,1.25,1.37
2017.10.16 11:11:55.065,1.66534,1.6656,1.00,1.12
2017.10.16 11:11:57.174,1.66535,1.6656,1.69,1.12
2017.10.16 11:11:57.225,1.66538,1.66565,1.00,2.62
2017.10.16 11:11:57.276,1.66541,1.66568,1.00,1.00
2017.10.16 11:11:57.862,1.66542,1.66568,1.25,1.00
2017.10.16 11:11:58.065,1.66539,1.66568,1.69,1.00
2017.10.16 11:11:58.898,1.66539,1.66568,1.25,1.00
2017.10.16 11:11:59.919,1.66539,1.66567,1.00,1.00
2017.10.16 11:11:59.970,1.66537,1.66567,1.00,1.31
2017.10.16 11:12:00.021,1.66536,1.66564,1.00,1.69
2017.10.16 11:12:00.325,1.66527,1.66558,1.25,1.87
2017.10.16 11:12:00.871,1.66528,1.66558,1.00,1.87
2017.10.16 11:12:01.386,1.66528,1.66558,1.00,2.81
2017.10.16 11:12:01.929,1.66527,1.66556,1.00,1.00
2017.10.16 11:12:02.528,1.66527,1.66555,1.00,1.37
2017.10.16 11:12:02.630,1.66524,1.66553,2.44,1.00
2017.10.16 11:12:03.187,1.66526,1.66553,1.00,1.00
2017.10.16 11:12:05.201,1.66525,1.66553,1.25,1.00
2017.10.16 11:12:06.174,1.66525,1.66551,1.00,1.00
2017.10.16 11:12:06.276,1.66525,1.66553,1.00,1.00
2017.10.16 11:12:06.328,1.66526,1.66553,1.19,1.00
2017.10.16 11:12:06.858,1.66525,1.66553,2.44,1.00
2017.10.16 11:12:07.028,1.66525,1.66553,1.69,1.00
2017.10.16 11:12:07.815,1.66526,1.66553,1.19,1.00
2017.10.16 11:12:08.699,1.66525,1.66553,1.69,1.00
2017.10.16 11:12:10.112,1.6653,1.66557,1.19,1.50
2017.10.16 11:12:10.264,1.66538,1.66566,1.19,1.00
2017.10.16 11:12:11.063,1.66538,1.66566,1.19,1.00
2017.10.16 11:12:11.600,1.66538,1.66566,1.19,1.00
2017.10.16 11:12:13.391,1.66539,1.66566,1.25,1.00
2017.10.16 11:12:13.552,1.66541,1.66566,1.00,1.00
2017.10.16 11:12:13.805,1.66539,1.66566,2.25,1.00
2017.10.16 11:12:14.150,1.66542,1.66566,1.00,1.00
2017.10.16 11:12:14.302,1.66539,1.66566,1.50,1.00
2017.10.16 11:12:14.353,1.6654,1.66568,1.00,1.00
2017.10.16 11:12:18.963,1.66541,1.66568,1.00,1.00
2017.10.16 11:12:20.661,1.6654,1.66568,1.25,1.00
2017.10.16 11:12:21.359,1.6654,1.66568,1.69,1.12
2017.10.16 11:12:21.785,1.66537,1.66565,1.19,1.37
2017.10.16 11:12:21.836,1.66538,1.66566,1.25,1.00
2017.10.16 11:12:21.887,1.66539,1.66566,1.19,1.00
2017.10.16 11:12:21.937,1.66539,1.66568,1.69,1.50
2017.10.16 11:12:22.242,1.66543,1.66568,1.00,1.00
2017.10.16 11:12:25.960,1.66543,1.66568,1.19,1.00
2017.10.16 11:12:26.479,1.66543,1.66568,1.25,1.00
2017.10.16 11:12:27.161,1.66544,1.66568,1.00,1.00
2017.10.16 11:12:28.565,1.66544,1.66573,1.00,1.00
2017.10.16 11:12:29.591,1.66547,1.66573,1.00,1.00
2017.10.16 11:12:31.353,1.66545,1.66573,1.00,1.00
2017.10.16 11:12:31.996,1.66547,1.66573,1.00,1.00
2017.10.16 11:12:35.959,1.66545,1.66573,1.00,1.00
2017.10.16 11:12:39.764,1.66546,1.66573,1.00,1.50
2017.10.16 11:12:40.017,1.6655,1.66576,1.69,1.12
2017.10.16 11:12:40.068,1.66551,1.66579,1.19,1.50
2017.10.16 11:12:40.120,1.66558,1.66579,1.00,1.00
2017.10.16 11:12:40.308,1.66555,1.66579,1.25,1.00
2017.10.16 11:12:40.828,1.66556,1.66579,1.00,1.00
2017.10.16 11:12:40.879,1.66556,1.66583,1.00,1.00
2017.10.16 11:12:42.037,1.66558,1.66583,1.00,1.00
2017.10.16 11:12:44.297,1.66556,1.66583,1.00,2.06
2017.10.16 11:12:44.347,1.66552,1.66577,1.00,1.00
2017.10.16 11:12:44.398,1.6655,1.66577,1.00,1.37
2017.10.16 11:12:44.449,1.6655,1.66576,1.00,1.87
2017.10.16 11:12:44.500,1.66548,1.66576,1.00,1.87
2017.10.16 11:12:45.076,1.66547,1.66576,1.25,1.87
2017.10.16 11:12:45.620,1.66547,1.66575,1.00,1.12
2017.10.16 11:12:45.816,1.66552,1.66576,1.00,1.00
2017.10.16 11:12:45.981,1.66554,1.6658,1.00,1.12
2017.10.16 11:12:46.033,1.66555,1.66582,1.00,1.12
2017.10.16 11:12:46.558,1.66556,1.66582,1.00,1.00
2017.10.16 11:12:47.084,1.66555,1.66582,1.00,1.00
2017.10.16 11:12:49.575,1.66553,1.66582,1.69,1.87
2017.10.16 11:12:49.824,1.66553,1.66582,1.50,2.81
2017.10.16 11:12:50.027,1.66545,1.66573,1.69,1.37
2017.10.16 11:12:51.720,1.66545,1.66573,1.25,1.87
2017.10.16 11:12:55.774,1.66544,1.66573,2.44,1.87
2017.10.16 11:12:57.202,1.66542,1.66571,1.00,1.87
2017.10.16 11:12:57.886,1.66542,1.66571,1.50,1.37
2017.10.16 11:12:58.866,1.66543,1.66571,1.00,1.37
2017.10.16 11:12:59.738,1.66543,1.66571,1.25,1.12
2017.10.16 11:12:59.789,1.66547,1.66571,1.00,1.00
2017.10.16 11:12:59.992,1.66548,1.66573,1.00,1.12
2017.10.16 11:13:00.562,1.66547,1.66573,1.00,1.12
2017.10.16 11:13:04.840,1.66549,1.66573,1.00,1.00
2017.10.16 11:13:05.046,1.66551,1.6658,1.69,2.62
2017.10.16 11:13:05.097,1.66555,1.6658,1.00,1.12
2017.10.16 11:13:06.347,1.66555,1.66583,1.00,1.00
2017.10.16 11:13:07.996,1.66554,1.66583,1.25,1.00
2017.10.16 11:13:08.495,1.66555,1.66583,1.50,1.00
2017.10.16 11:13:09.037,1.66555,1.66583,1.25,1.00
2017.10.16 11:13:09.978,1.66557,1.66583,1.00,1.00
2017.10.16 11:13:10.522,1.66556,1.66583,1.50,1.00
2017.10.16 11:13:12.016,1.66556,1.66586,3.19,1.00
2017.10.16 11:13:12.118,1.66558,1.66586,1.00,1.00
2017.10.16 11:13:13.228,1.6656,1.66586,1.00,1.12
2017.10.16 11:13:13.740,1.66561,1.66586,1.00,1.00
2017.10.16 11:13:14.502,1.66563,1.66586,1.00,1.00
2017.10.16 11:13:14.752,1.66563,1.66588,1.00,1.00
2017.10.16 11:13:15.287,1.66564,1.66588,1.00,1.00
2017.10.16 11:13:15.338,1.66562,1.66588,1.00,1.00
2017.10.16 11:13:15.825,1.66564,1.66588,1.00,1.00
2017.10.16 11:13:16.851,1.66567,1.66588,1.00,1.00
2017.10.16 11:13:24.191,1.66565,1.66588,1.00,1.00
2017.10.16 11:13:26.993,1.66566,1.66592,1.00,1.00
2017.10.16 11:13:27.095,1.66568,1.66592,1.00,1.00
2017.10.16 11:13:27.197,1.66568,1.66596,1.69,1.00
2017.10.16 11:13:27.502,1.6657,1.66596,1.00,1.12
2017.10.16 11:13:28.516,1.66567,1.66596,1.69,1.37
2017.10.16 11:13:28.668,1.66566,1.66593,1.19,1.00
2017.10.16 11:13:29.169,1.66566,1.66594,1.19,1.00
2017.10.16 11:13:29.801,1.66566,1.66594,1.25,1.00
2017.10.16 11:13:32.361,1.66566,1.66594,2.44,1.12
2017.10.16 11:13:32.617,1.66566,1.66597,1.69,1.87
2017.10.16 11:13:38.560,1.66571,1.66597,1.00,1.00
2017.10.16 11:13:43.240,1.6657,1.66597,1.00,1.00
2017.10.16 11:13:43.291,1.66567,1.66597,1.00,1.37
2017.10.16 11:13:43.798,1.66566,1.66596,1.25,1.12
2017.10.16 11:13:46.330,1.66566,1.66597,1.00,2.62
2017.10.16 11:13:49.013,1.66566,1.66596,1.87,1.37
2017.10.16 11:13:49.065,1.66566,1.66597,1.44,1.50
2017.10.16 11:13:49.346,1.66568,1.66597,2.62,1.00
2017.10.16 11:13:57.070,1.66572,1.66597,1.00,1.00
2017.10.16 11:14:00.636,1.66574,1.66597,1.00,1.00
2017.10.16 11:14:00.687,1.66574,1.66599,1.00,1.00
2017.10.16 11:14:00.985,1.66576,1.66599,1.00,1.00
2017.10.16 11:14:01.339,1.66573,1.66599,1.00,1.00
2017.10.16 11:14:01.441,1.66571,1.66599,3.00,1.12
2017.10.16 11:14:02.092,1.66572,1.66599,1.00,1.12
2017.10.16 11:14:02.340,1.66571,1.66599,2.25,1.87
2017.10.16 11:14:02.939,1.66571,1.66596,1.00,1.12
2017.10.16 11:14:05.441,1.66568,1.66596,1.50,1.31
2017.10.16 11:14:05.492,1.66565,1.66589,1.25,1.87
2017.10.16 11:14:05.543,1.66561,1.66589,2.25,4.31
2017.10.16 11:14:05.594,1.66559,1.66586,1.00,1.87
2017.10.16 11:14:05.957,1.66557,1.66586,1.25,1.87
2017.10.16 11:14:06.476,1.66557,1.66585,1.69,1.87
2017.10.16 11:14:07.099,1.66556,1.66586,1.00,2.62
2017.10.16 11:14:07.413,1.6656,1.66586,1.25,2.62
2017.10.16 11:14:07.464,1.66561,1.66586,1.25,1.00
2017.10.16 11:14:08.587,1.66559,1.66586,1.50,1.12
2017.10.16 11:14:08.641,1.66558,1.66585,1.00,1.87
2017.10.16 11:14:09.911,1.66557,1.66586,1.00,3.37
2017.10.16 11:14:10.231,1.6656,1.66586,1.50,1.00
2017.10.16 11:14:11.507,1.66558,1.66586,2.25,1.12
2017.10.16 11:14:12.310,1.66558,1.66586,1.12,1.00
2017.10.16 11:14:13.555,1.66558,1.66586,2.06,1.12
2017.10.16 11:14:14.081,1.6656,1.66587,1.00,1.12
2017.10.16 11:14:17.972,1.66561,1.66587,1.19,1.87
2017.10.16 11:14:18.302,1.66564,1.66587,1.00,1.00
2017.10.16 11:14:19.043,1.66563,1.66587,1.00,1.00
2017.10.16 11:14:19.399,1.66566,1.66592,1.00,1.87
2017.10.16 11:14:19.551,1.66568,1.66595,1.25,1.37
2017.10.16 11:14:19.652,1.66568,1.66595,1.00,2.62
2017.10.16 11:14:21.047,1.66569,1.66594,1.00,1.87
2017.10.16 11:14:21.098,1.66566,1.66595,1.00,4.12
2017.10.16 11:14:21.735,1.66566,1.66593,1.00,1.37
2017.10.16 11:14:22.256,1.66566,1.66592,1.50,1.37
2017.10.16 11:14:22.747,1.66566,1.66595,1.00,1.87
2017.10.16 11:14:22.949,1.66565,1.66586,1.00,1.87
2017.10.16 11:14:23.000,1.66562,1.66586,1.25,2.62
2017.10.16 11:14:23.051,1.66556,1.66582,3.00,1.00
2017.10.16 11:14:25.836,1.66561,1.66586,1.00,1.87
2017.10.16 11:14:26.701,1.66562,1.66586,1.00,1.00
2017.10.16 11:14:27.407,1.66561,1.66586,1.00,1.12
2017.10.16 11:14:29.925,1.66561,1.66588,1.00,1.37
2017.10.16 11:14:30.486,1.66561,1.66588,1.69,1.00
2017.10.16 11:14:33.719,1.66559,1.66588,1.69,1.00
2017.10.16 11:14:34.337,1.66561,1.66588,1.25,1.00
2017.10.16 11:14:34.845,1.66561,1.66588,1.25,1.37
2017.10.16 11:14:35.680,1.6656,1.66588,1.25,1.12
2017.10.16 11:14:38.332,1.66561,1.66588,1.00,1.87
2017.10.16 11:14:38.536,1.66561,1.66589,1.00,1.00
2017.10.16 11:14:38.910,1.66561,1.66587,1.00,1.00
2017.10.16 11:14:42.030,1.66557,1.66587,2.06,1.87
2017.10.16 11:14:42.568,1.66558,1.66586,1.00,1.37
2017.10.16 11:14:43.114,1.66557,1.66587,2.81,4.12
2017.10.16 11:14:45.120,1.66558,1.66587,1.31,1.87
2017.10.16 11:14:45.733,1.66557,1.66588,2.06,2.62
2017.10.16 11:14:46.445,1.66559,1.66588,1.19,1.87
2017.10.16 11:14:47.006,1.6656,1.66588,1.19,1.12
2017.10.16 11:14:47.724,1.6656,1.66588,1.25,1.00
2017.10.16 11:14:49.692,1.6656,1.66588,1.62,1.12
2017.10.16 11:14:49.743,1.6656,1.6659,2.62,1.50
2017.10.16 11:14:50.200,1.66564,1.66593,1.50,1.00
2017.10.16 11:14:51.157,1.66565,1.66593,1.25,1.00
2017.10.16 11:14:53.388,1.66564,1.66593,1.69,1.00
2017.10.16 11:14:54.182,1.66564,1.66592,1.00,1.50
2017.10.16 11:14:54.547,1.6656,1.66591,2.81,1.00
2017.10.16 11:14:55.077,1.66563,1.66591,1.69,1.00
2017.10.16 11:14:55.678,1.66565,1.66594,1.00,1.87
2017.10.16 11:14:56.517,1.66565,1.66594,1.00,1.50
2017.10.16 11:14:58.605,1.66565,1.66594,1.19,1.00
2017.10.16 11:14:59.272,1.66565,1.66594,1.25,1.00
2017.10.16 11:14:59.725,1.66565,1.66594,1.69,1.00
2017.10.16 11:14:59.776,1.66569,1.66597,1.19,1.00
2017.10.16 11:14:59.928,1.66569,1.666,1.50,2.62
2017.10.16 11:15:01.309,1.6657,1.666,1.00,3.37
2017.10.16 11:15:01.680,1.66572,1.666,1.00,1.87
2017.10.16 11:15:01.731,1.66573,1.66603,1.25,2.81
2017.10.16 11:15:01.782,1.66576,1.66602,1.00,1.12
2017.10.16 11:15:03.260,1.66576,1.66601,1.00,1.00
2017.10.16 11:15:05.970,1.66583,1.66606,1.19,1.37
2017.10.16 11:15:06.021,1.66582,1.66608,1.69,1.69
2017.10.16 11:15:06.072,1.66587,1.66613,1.00,1.50
2017.10.16 11:15:06.370,1.66587,1.66615,1.00,1.50
2017.10.16 11:15:06.675,1.66587,1.66613,1.00,1.00
2017.10.16 11:15:06.887,1.66587,1.66616,1.00,1.50
2017.10.16 11:15:07.362,1.66588,1.66616,1.19,1.50
2017.10.16 11:15:09.785,1.6659,1.66618,1.00,1.12
2017.10.16 11:15:10.334,1.6659,1.66617,1.00,2.44
2017.10.16 11:15:10.790,1.66591,1.66619,1.25,1.00
2017.10.16 11:15:10.891,1.66593,1.66622,1.00,2.06
2017.10.16 11:15:11.204,1.66593,1.66619,1.00,1.62
2017.10.16 11:15:14.240,1.66593,1.66619,1.00,1.37
2017.10.16 11:15:14.891,1.66593,1.6662,1.00,1.62
2017.10.16 11:15:17.051,1.66593,1.66622,1.00,2.81
2017.10.16 11:15:17.643,1.66593,1.66618,1.00,1.00
2017.10.16 11:15:19.041,1.66593,1.6662,1.00,1.37
2017.10.16 11:15:19.682,1.66593,1.66618,1.00,1.00
2017.10.16 11:15:21.198,1.66593,1.6662,1.25,1.00
2017.10.16 11:15:21.249,1.66593,1.66623,1.25,3.37
2017.10.16 11:15:21.351,1.66595,1.66623,1.00,1.00
2017.10.16 11:15:21.655,1.666,1.66628,1.00,1.87
2017.10.16 11:15:22.184,1.666,1.66628,1.00,1.12
2017.10.16 11:15:22.746,1.666,1.66629,1.00,1.12
2017.10.16 11:15:24.262,1.666,1.66628,1.00,1.37
2017.10.16 11:15:25.336,1.666,1.66627,1.00,1.37
2017.10.16 11:15:27.609,1.666,1.66627,1.00,2.81
2017.10.16 11:15:28.047,1.66596,1.66624,1.00,2.06
2017.10.16 11:15:28.802,1.66596,1.66621,1.00,1.50
2017.10.16 11:15:29.365,1.66596,1.6662,1.00,1.00
2017.10.16 11:15:30.841,1.66596,1.66622,1.00,1.00
2017.10.16 11:15:31.473,1.66596,1.66623,1.00,1.00
2017.10.16 11:15:32.913,1.66596,1.66622,1.00,1.25
2017.10.16 11:15:34.167,1.66596,1.66623,1.00,1.61
2017.10.16 11:15:34.981,1.66596,1.6662,1.00,1.00
2017.10.16 11:15:42.162,1.66596,1.66624,1.69,1.00
2017.10.16 11:15:42.213,1.666,1.66624,1.19,1.00
2017.10.16 11:15:42.264,1.66604,1.66628,1.19,1.50
2017.10.16 11:15:42.315,1.66608,1.66632,1.00,1.69
2017.10.16 11:15:42.366,1.66608,1.66635,1.00,1.50
2017.10.16 11:15:42.417,1.66608,1.66637,1.00,1.50
2017.10.16 11:15:43.051,1.66606,1.66637,2.44,1.00
2017.10.16 11:15:43.878,1.66606,1.66635,1.69,1.00
2017.10.16 11:15:44.364,1.6661,1.66637,1.25,1.00
2017.10.16 11:15:44.567,1.66614,1.66643,1.00,1.00
2017.10.16 11:15:44.668,1.66614,1.66643,1.69,1.50
2017.10.16 11:15:45.151,1.66614,1.66643,1.25,1.00
2017.10.16 11:15:45.733,1.66615,1.66643,1.00,1.00
2017.10.16 11:15:46.212,1.66613,1.6664,1.00,1.00
2017.10.16 11:15:46.516,1.66612,1.66637,1.00,1.00
2017.10.16 11:15:47.282,1.66616,1.66641,1.00,1.00
2017.10.16 11:15:47.383,1.66619,1.66646,1.19,1.00
2017.10.16 11:15:47.434,1.66618,1.66646,1.50,1.00
2017.10.16 11:15:47.687,1.66616,1.66645,1.50,1.00
2017.10.16 11:15:48.194,1.66617,1.66645,1.00,1.00
2017.10.16 11:15:48.346,1.66616,1.6664,1.50,1.00
2017.10.16 11:15:48.447,1.66612,1.66638,1.00,1.00
2017.10.16 11:15:48.558,1.6661,1.66639,1.00,3.00
2017.10.16 11:15:49.354,1.6661,1.66638,1.00,1.00
2017.10.16 11:15:51.388,1.6661,1.66637,1.00,1.00
2017.10.16 11:15:51.439,1.66611,1.66639,1.68,1.00
2017.10.16 11:15:51.490,1.66614,1.66642,3.37,2.25
2017.10.16 11:15:51.837,1.66619,1.66642,1.00,1.00
2017.10.16 11:15:52.343,1.66618,1.66642,1.00,1.00
2017.10.16 11:15:52.849,1.66618,1.66643,1.00,1.00
2017.10.16 11:15:53.385,1.66618,1.66648,1.00,4.27
2017.10.16 11:15:54.373,1.66618,1.66647,1.87,1.59
2017.10.16 11:15:54.983,1.66618,1.66648,1.50,1.59
2017.10.16 11:15:56.758,1.66619,1.66648,1.00,2.02
2017.10.16 11:15:57.371,1.66618,1.66648,2.25,2.02
2017.10.16 11:15:58.655,1.66618,1.66643,1.00,1.00
2017.10.16 11:15:58.706,1.66614,1.66643,1.00,2.25
2017.10.16 11:15:58.756,1.66612,1.66641,1.25,1.50
2017.10.16 11:16:00.101,1.66612,1.66641,2.24,1.50
2017.10.16 11:16:00.355,1.66614,1.66643,1.50,1.00
2017.10.16 11:16:00.406,1.66616,1.66643,1.24,1.00
2017.10.16 11:16:00.713,1.66619,1.66645,1.50,1.00
2017.10.16 11:16:00.999,1.66626,1.66653,1.00,1.00
2017.10.16 11:16:01.051,1.66624,1.66653,1.50,1.50
2017.10.16 11:16:01.102,1.66628,1.66655,1.00,1.00
2017.10.16 11:16:01.392,1.66651,1.66679,1.00,1.69
2017.10.16 11:16:01.443,1.6665,1.66676,1.00,1.00
2017.10.16 11:16:01.494,1.66646,1.66673,1.00,1.25
2017.10.16 11:16:01.545,1.66646,1.66668,1.00,1.00
2017.10.16 11:16:01.654,1.66644,1.66669,1.00,1.50
2017.10.16 11:16:01.707,1.66639,1.66669,1.12,1.00
2017.10.16 11:16:01.961,1.66639,1.66667,1.49,1.00
2017.10.16 11:16:02.063,1.66643,1.66672,1.49,1.09
2017.10.16 11:16:02.646,1.66647,1.66672,1.00,1.84
2017.10.16 11:16:03.900,1.66647,1.66673,1.00,1.00
2017.10.16 11:16:05.540,1.66647,1.66675,1.12,1.18
2017.10.16 11:16:05.853,1.66651,1.66675,1.00,1.00
2017.10.16 11:16:07.440,1.66651,1.66677,1.00,1.00
2017.10.16 11:16:10.236,1.66651,1.66681,1.00,6.71
2017.10.16 11:16:10.784,1.66651,1.66681,1.15,4.09
2017.10.16 11:16:11.239,1.66651,1.66679,1.00,1.00
2017.10.16 11:16:11.341,1.66651,1.66681,1.00,2.59
2017.10.16 11:16:11.615,1.66651,1.66678,1.00,1.00
2017.10.16 11:16:12.167,1.66651,1.66679,1.00,1.00
2017.10.16 11:16:12.871,1.66651,1.66678,1.00,1.00
2017.10.16 11:16:12.974,1.66651,1.66681,1.50,3.34
2017.10.16 11:16:13.720,1.66652,1.6668,1.00,1.50
2017.10.16 11:16:15.048,1.66656,1.66682,1.00,1.00
2017.10.16 11:16:15.099,1.66656,1.66684,1.00,2.25
2017.10.16 11:16:15.252,1.66659,1.66686,1.00,1.18
2017.10.16 11:16:15.662,1.66656,1.66684,1.00,3.18
2017.10.16 11:16:16.183,1.66656,1.66681,1.00,1.00
2017.10.16 11:16:16.234,1.66652,1.6668,1.00,1.00
2017.10.16 11:16:16.769,1.66652,1.66679,1.00,1.00
2017.10.16 11:16:17.194,1.66652,1.66681,1.00,2.25
2017.10.16 11:16:20.995,1.66655,1.66681,1.00,2.25
2017.10.16 11:16:26.717,1.66655,1.6668,1.00,1.00
2017.10.16 11:16:27.220,1.66655,1.66681,1.00,1.00
2017.10.16 11:16:27.942,1.66655,1.6668,1.00,1.25
2017.10.16 11:16:28.691,1.66655,1.66681,1.00,2.06
2017.10.16 11:16:29.240,1.66655,1.6668,1.00,1.37
2017.10.16 11:16:31.400,1.66655,1.66681,1.00,1.37
2017.10.16 11:16:31.939,1.66654,1.66679,1.00,1.12
2017.10.16 11:16:33.927,1.66655,1.66679,1.00,1.00
2017.10.16 11:16:34.204,1.66653,1.66679,1.50,1.00
2017.10.16 11:16:34.812,1.66654,1.66679,1.00,1.00
2017.10.16 11:16:35.267,1.66659,1.66689,1.50,2.06
2017.10.16 11:16:35.318,1.66663,1.66689,1.50,1.12
2017.10.16 11:16:35.369,1.66663,1.66691,1.87,1.31
2017.10.16 11:16:35.902,1.66664,1.66691,1.37,1.00
2017.10.16 11:16:36.364,1.66666,1.66695,4.50,1.00
2017.10.16 11:16:36.541,1.66668,1.66695,1.00,1.00
2017.10.16 11:16:36.946,1.66666,1.66695,1.00,1.19
2017.10.16 11:16:37.548,1.66666,1.66697,3.19,1.00
2017.10.16 11:16:37.699,1.66672,1.66697,1.00,1.00
2017.10.16 11:16:37.750,1.66675,1.66703,1.37,1.87
2017.10.16 11:16:37.853,1.6668,1.66706,1.00,1.68
2017.10.16 11:16:38.006,1.6667,1.66699,1.50,2.62
2017.10.16 11:16:38.541,1.6667,1.66698,1.00,2.06
2017.10.16 11:16:39.620,1.6667,1.66698,1.00,1.37
2017.10.16 11:16:40.193,1.6667,1.66694,1.00,1.62
2017.10.16 11:16:40.294,1.66666,1.66693,1.00,1.37
2017.10.16 11:16:40.838,1.66666,1.66694,1.12,3.90
2017.10.16 11:16:41.335,1.66666,1.66694,1.12,1.12
2017.10.16 11:16:41.387,1.66668,1.66696,1.00,1.87
2017.10.16 11:16:41.922,1.66671,1.66697,1.00,1.87
2017.10.16 11:16:43.546,1.66671,1.66697,1.00,1.50
2017.10.16 11:16:44.350,1.6667,1.66697,1.50,1.00
2017.10.16 11:16:44.401,1.6667,1.66699,1.37,1.00
2017.10.16 11:16:44.452,1.66673,1.66701,1.00,1.00
2017.10.16 11:16:44.757,1.66726,1.66747,1.12,1.00
2017.10.16 11:16:44.903,1.66731,1.66759,1.12,1.00
2017.10.16 11:16:44.954,1.66731,1.66761,1.12,1.00
2017.10.16 11:16:45.006,1.66735,1.66761,1.00,1.00
2017.10.16 11:16:45.332,1.66727,1.66756,2.00,1.00
2017.10.16 11:16:45.433,1.66727,1.66758,2.25,1.00
2017.10.16 11:16:45.484,1.66732,1.6676,1.00,1.25
2017.10.16 11:16:45.535,1.66732,1.66764,2.25,1.00
2017.10.16 11:16:45.761,1.66735,1.66768,1.75,1.68
2017.10.16 11:16:45.862,1.66736,1.6677,1.62,1.00
2017.10.16 11:16:46.115,1.66739,1.66769,1.50,1.50
2017.10.16 11:16:47.343,1.66738,1.66768,1.37,1.00
2017.10.16 11:16:47.676,1.66758,1.66787,1.00,1.18
2017.10.16 11:16:47.778,1.66747,1.66777,1.00,1.00
2017.10.16 11:16:47.981,1.66746,1.66779,1.68,1.00
2017.10.16 11:16:48.032,1.66749,1.66781,1.06,1.50
2017.10.16 11:16:48.083,1.66749,1.66782,1.68,1.00
2017.10.16 11:16:48.619,1.66751,1.66781,1.62,1.00
2017.10.16 11:16:48.772,1.66753,1.66786,3.19,1.50
2017.10.16 11:16:48.823,1.66757,1.66788,1.12,1.24
2017.10.16 11:16:48.874,1.66757,1.66786,1.12,1.00
2017.10.16 11:16:49.190,1.66759,1.66791,1.50,1.18
2017.10.16 11:16:49.533,1.66757,1.66791,2.25,2.43
2017.10.16 11:16:49.635,1.66751,1.6678,1.00,1.24
2017.10.16 11:16:49.736,1.66746,1.66779,1.50,1.18
2017.10.16 11:16:50.084,1.66743,1.66772,1.00,1.30
2017.10.16 11:16:50.236,1.66748,1.66776,1.00,1.24
2017.10.16 11:16:50.287,1.6675,1.66779,1.00,1.18
2017.10.16 11:16:50.491,1.6675,1.66781,1.00,1.24
2017.10.16 11:16:50.784,1.66749,1.66779,1.00,1.00
2017.10.16 11:16:51.294,1.66749,1.66779,1.00,1.68
2017.10.16 11:16:51.345,1.66747,1.66778,1.00,1.18
2017.10.16 11:16:51.726,1.66747,1.66778,1.12,1.00
2017.10.16 11:16:52.266,1.66748,1.6678,1.00,1.18
2017.10.16 11:16:53.795,1.66747,1.66778,1.00,1.18
2017.10.16 11:16:53.846,1.66746,1.66779,1.25,1.00
2017.10.16 11:16:54.182,1.66749,1.6678,1.00,1.00
2017.10.16 11:16:54.485,1.66751,1.66782,1.00,1.18
2017.10.16 11:16:54.822,1.66748,1.66777,1.00,1.00
2017.10.16 11:16:55.126,1.66751,1.6678,1.00,1.00
2017.10.16 11:16:55.674,1.66751,1.66779,1.00,1.00
2017.10.16 11:16:56.010,1.66747,1.66777,1.00,1.18
2017.10.16 11:16:56.162,1.66743,1.66772,1.12,1.00
2017.10.16 11:16:56.587,1.6674,1.66771,1.00,1.00
2017.10.16 11:16:56.638,1.66742,1.66766,1.00,1.00
2017.10.16 11:16:56.740,1.66747,1.66776,1.00,1.66
2017.10.16 11:16:57.094,1.66743,1.66776,1.87,1.00
2017.10.16 11:16:57.634,1.66745,1.66775,1.00,1.00
2017.10.16 11:16:57.891,1.66747,1.66776,1.75,2.25
2017.10.16 11:16:57.993,1.66752,1.66779,1.00,1.00
2017.10.16 11:16:58.044,1.66752,1.66781,1.00,1.00
2017.10.16 11:16:58.205,1.66751,1.66779,1.00,1.00
2017.10.16 11:16:58.506,1.66743,1.66772,1.87,1.00
2017.10.16 11:16:58.810,1.66741,1.66769,1.37,1.00
2017.10.16 11:16:59.113,1.66739,1.66768,1.87,1.00
2017.10.16 11:16:59.727,1.66739,1.66767,1.50,1.00
2017.10.16 11:16:59.850,1.66738,1.66767,1.00,2.37
2017.10.16 11:17:00.002,1.66734,1.66764,1.00,1.16
2017.10.16 11:17:00.154,1.66735,1.66766,1.87,2.37
2017.10.16 11:17:00.205,1.66735,1.66766,1.87,1.62
2017.10.16 11:17:00.408,1.66734,1.66766,1.12,1.62
2017.10.16 11:17:00.459,1.66734,1.66766,1.12,1.12
2017.10.16 11:17:00.972,1.66731,1.66763,2.00,1.11
2017.10.16 11:17:01.167,1.66731,1.66763,1.37,1.15
2017.10.16 11:17:01.885,1.66734,1.66764,1.75,1.11
2017.10.16 11:17:02.038,1.66736,1.66768,1.87,1.11
2017.10.16 11:17:02.518,1.66736,1.66768,2.25,1.11
2017.10.16 11:17:03.029,1.66737,1.6677,1.12,1.61
2017.10.16 11:17:03.706,1.66737,1.6677,1.50,1.62
2017.10.16 11:17:03.969,1.66737,1.6677,1.50,1.12
2017.10.16 11:17:04.514,1.66739,1.6677,1.00,1.62
2017.10.16 11:17:04.669,1.66737,1.66771,1.87,3.12
2017.10.16 11:17:04.829,1.66737,1.66771,2.25,3.12
2017.10.16 11:17:05.355,1.66738,1.66771,1.31,2.37
2017.10.16 11:17:05.900,1.66738,1.6677,1.31,1.62
2017.10.16 11:17:06.471,1.66737,1.6677,1.12,1.62
2017.10.16 11:17:07.110,1.66737,1.6677,1.31,1.62
2017.10.16 11:17:07.707,1.66737,1.6677,1.87,1.12
2017.10.16 11:17:08.010,1.66737,1.6677,2.06,1.16
2017.10.16 11:17:08.062,1.66738,1.66767,1.00,1.00
2017.10.16 11:17:08.113,1.66735,1.66767,1.00,1.16
2017.10.16 11:17:08.164,1.66735,1.66766,1.00,2.37
2017.10.16 11:17:08.214,1.66733,1.66765,1.00,1.16
2017.10.16 11:17:08.859,1.66732,1.66764,1.25,1.00
2017.10.16 11:17:09.090,1.66734,1.66765,1.19,1.50
2017.10.16 11:17:09.191,1.66735,1.66768,1.75,1.50
2017.10.16 11:17:09.343,1.66737,1.66769,1.19,1.00
2017.10.16 11:17:09.901,1.66737,1.66768,1.19,1.00
2017.10.16 11:17:10.749,1.66737,1.6676,1.00,1.00
2017.10.16 11:17:10.851,1.66731,1.66759,1.00,1.12
2017.10.16 11:17:10.902,1.66721,1.66751,1.00,1.16
2017.10.16 11:17:11.004,1.6672,1.66753,1.19,1.50
2017.10.16 11:17:11.193,1.66717,1.66751,2.81,1.00
2017.10.16 11:17:11.548,1.66718,1.66751,1.25,1.12
2017.10.16 11:17:12.519,1.66716,1.66748,1.19,1.00
2017.10.16 11:17:13.151,1.66716,1.66749,1.31,2.25
2017.10.16 11:17:13.679,1.66717,1.66749,1.19,1.00
2017.10.16 11:17:14.220,1.66717,1.66748,1.31,1.00
2017.10.16 11:17:14.652,1.66715,1.66748,1.31,1.00
2017.10.16 11:17:15.161,1.66716,1.66749,1.19,1.50
2017.10.16 11:17:15.960,1.66715,1.66748,1.19,1.00
2017.10.16 11:17:16.690,1.66714,1.66748,1.19,1.69
2017.10.16 11:17:16.860,1.66714,1.66748,1.25,1.31
2017.10.16 11:17:16.911,1.6671,1.66744,1.19,1.69
2017.10.16 11:17:16.962,1.66708,1.66743,1.19,1.25
2017.10.16 11:17:17.013,1.66708,1.66741,1.19,1.00
2017.10.16 11:17:17.317,1.66706,1.6674,1.19,1.69
2017.10.16 11:17:17.671,1.66708,1.6674,1.19,1.25
2017.10.16 11:17:18.003,1.66708,1.66742,2.44,1.50
2017.10.16 11:17:18.513,1.66709,1.66743,1.31,1.50
2017.10.16 11:17:18.817,1.66704,1.66733,1.25,1.50
2017.10.16 11:17:18.919,1.667,1.66731,1.00,1.25
2017.10.16 11:17:18.970,1.667,1.66728,1.00,1.25
2017.10.16 11:17:19.072,1.66694,1.66727,1.19,1.00
2017.10.16 11:17:19.123,1.66694,1.66728,1.25,1.56
2017.10.16 11:17:20.640,1.66692,1.66729,2.44,2.81
2017.10.16 11:17:21.628,1.66693,1.66729,1.19,2.81
2017.10.16 11:17:21.731,1.66693,1.66729,2.44,2.06
2017.10.16 11:17:21.934,1.66697,1.6673,1.25,1.00
2017.10.16 11:17:22.110,1.667,1.66732,1.00,1.87
2017.10.16 11:17:22.429,1.66708,1.66742,1.00,1.19
2017.10.16 11:17:23.151,1.66708,1.66742,1.00,1.19
2017.10.16 11:17:23.253,1.66711,1.66746,1.19,1.50
2017.10.16 11:17:23.406,1.66715,1.66749,1.75,1.19
2017.10.16 11:17:23.457,1.66716,1.66752,1.44,2.06
2017.10.16 11:17:24.145,1.66717,1.6675,1.87,1.25
2017.10.16 11:17:24.247,1.66715,1.66749,1.69,1.25
2017.10.16 11:17:24.545,1.66715,1.66749,2.25,1.69
2017.10.16 11:17:24.900,1.66712,1.66745,1.25,1.56
2017.10.16 11:17:26.430,1.66711,1.66744,1.00,1.19
2017.10.16 11:17:26.910,1.66711,1.66743,1.00,1.87
2017.10.16 11:17:27.906,1.66708,1.66742,1.25,1.44
2017.10.16 11:17:29.213,1.66708,1.66741,1.00,1.31
2017.10.16 11:17:29.315,1.66708,1.66742,1.19,1.56
2017.10.16 11:17:29.830,1.6671,1.66742,1.25,2.06
2017.10.16 11:17:29.951,1.66709,1.66741,1.00,1.69
2017.10.16 11:17:30.463,1.66708,1.6674,1.00,1.19
2017.10.16 11:17:31.028,1.66707,1.6674,1.00,1.19
2017.10.16 11:17:31.366,1.66703,1.66733,1.00,1.56
2017.10.16 11:17:31.417,1.66698,1.66731,1.50,2.06
2017.10.16 11:17:31.468,1.66696,1.66731,1.69,2.06
2017.10.16 11:17:31.781,1.66698,1.66731,1.00,2.06
2017.10.16 11:17:32.780,1.66699,1.66731,1.00,1.31
2017.10.16 11:17:32.982,1.667,1.66732,1.25,1.25
2017.10.16 11:17:33.532,1.667,1.66733,1.00,1.12
2017.10.16 11:17:33.937,1.66704,1.66734,1.00,1.25
2017.10.16 11:17:34.316,1.66705,1.66738,1.00,1.19
2017.10.16 11:17:35.370,1.66703,1.66735,1.50,1.25
2017.10.16 11:17:35.674,1.66701,1.66733,1.00,1.00
2017.10.16 11:17:35.831,1.66699,1.66733,1.69,2.25
2017.10.16 11:17:36.260,1.66699,1.66733,3.00,1.69
2017.10.16 11:17:36.564,1.66705,1.66739,1.00,2.06
2017.10.16 11:17:37.069,1.66705,1.66737,1.00,1.25
2017.10.16 11:17:37.422,1.66705,1.66736,1.25,1.19
2017.10.16 11:17:37.966,1.66705,1.66737,1.00,1.25
2017.10.16 11:17:38.018,1.66708,1.66737,1.00,1.25
2017.10.16 11:17:38.534,1.66707,1.66739,1.25,1.19
2017.10.16 11:17:39.130,1.66707,1.66739,1.00,1.19
2017.10.16 11:17:40.122,1.66705,1.66739,1.69,1.69
2017.10.16 11:17:40.737,1.66705,1.66738,1.69,1.25
2017.10.16 11:17:41.880,1.66705,1.66737,1.69,1.00
2017.10.16 11:17:42.277,1.66706,1.66737,1.00,1.69
2017.10.16 11:17:42.855,1.66705,1.66737,1.25,1.00
2017.10.16 11:17:43.117,1.66706,1.66738,1.69,1.69
2017.10.16 11:17:43.449,1.66702,1.66728,1.00,1.69
2017.10.16 11:17:43.500,1.66694,1.66724,1.69,1.00
2017.10.16 11:17:43.602,1.66692,1.66724,1.25,1.25
2017.10.16 11:17:43.704,1.66694,1.66726,1.69,2.62
2017.10.16 11:17:43.755,1.66694,1.66725,1.00,1.00
2017.10.16 11:17:43.806,1.66692,1.66723,1.19,1.00
2017.10.16 11:17:44.160,1.66693,1.66725,1.25,1.50
2017.10.16 11:17:44.211,1.66693,1.66722,1.69,1.00
2017.10.16 11:17:44.515,1.66696,1.66725,1.00,1.00
2017.10.16 11:17:45.018,1.66697,1.66725,1.00,1.00
2017.10.16 11:17:45.069,1.66695,1.66726,1.00,1.19
2017.10.16 11:17:45.613,1.66697,1.66728,1.25,3.00
2017.10.16 11:17:45.714,1.667,1.66729,1.00,1.00
2017.10.16 11:17:46.163,1.66697,1.6673,1.31,1.69
2017.10.16 11:17:46.434,1.66697,1.66728,2.44,1.00
2017.10.16 11:17:47.588,1.66698,1.66728,1.25,1.00
2017.10.16 11:17:47.771,1.66698,1.6673,1.25,1.00
2017.10.16 11:17:47.822,1.66701,1.6673,1.00,1.00
2017.10.16 11:17:47.923,1.66699,1.66731,1.25,1.69
2017.10.16 11:17:47.975,1.66698,1.6673,1.00,1.19
2017.10.16 11:17:48.592,1.66699,1.66728,1.00,1.25
2017.10.16 11:17:49.111,1.66698,1.66728,1.00,1.25
2017.10.16 11:17:49.456,1.66689,1.66721,1.25,1.25
2017.10.16 11:17:49.507,1.66689,1.66719,1.00,2.06
2017.10.16 11:17:49.559,1.66687,1.66717,1.25,1.69
2017.10.16 11:17:49.812,1.66685,1.66717,1.50,1.69
2017.10.16 11:17:50.351,1.66686,1.66715,1.50,1.25
2017.10.16 11:17:50.893,1.66685,1.66716,1.50,1.25
2017.10.16 11:17:51.357,1.66685,1.66717,3.38,1.00
2017.10.16 11:17:51.662,1.66693,1.66724,2.06,1.69
2017.10.16 11:17:52.128,1.66694,1.66724,1.12,1.00
2017.10.16 11:17:52.330,1.66693,1.66724,1.62,1.00
2017.10.16 11:17:52.809,1.66692,1.66721,1.25,1.00
2017.10.16 11:17:53.327,1.66692,1.66722,1.25,1.00
2017.10.16 11:17:54.059,1.66693,1.66722,1.00,1.00
2017.10.16 11:17:54.373,1.66695,1.66722,1.19,1.00
2017.10.16 11:17:54.647,1.66695,1.66725,1.19,1.50
2017.10.16 11:17:54.799,1.66694,1.66725,1.19,1.50
2017.10.16 11:17:55.460,1.66696,1.66725,1.44,1.00
2017.10.16 11:17:55.592,1.66698,1.66728,1.46,1.00
2017.10.16 11:17:55.800,1.66703,1.66733,1.00,1.00
2017.10.16 11:17:55.851,1.66703,1.66733,1.31,1.50
2017.10.16 11:17:56.156,1.66707,1.66733,1.00,1.00
2017.10.16 11:17:56.395,1.66705,1.66733,1.50,1.00
2017.10.16 11:17:56.599,1.66706,1.66736,1.00,1.00
2017.10.16 11:17:57.110,1.66706,1.66736,1.19,1.00
2017.10.16 11:17:57.789,1.66706,1.66736,1.50,1.00
2017.10.16 11:17:57.840,1.66706,1.66738,1.50,2.25
2017.10.16 11:17:58.030,1.66706,1.66738,1.00,3.19
2017.10.16 11:17:58.334,1.66706,1.66732,1.00,1.00
2017.10.16 11:17:58.752,1.66706,1.66735,1.00,1.00
2017.10.16 11:17:59.238,1.66707,1.66737,1.50,1.50
2017.10.16 11:17:59.813,1.66708,1.66737,1.00,1.00
2017.10.16 11:18:00.326,1.66708,1.66737,1.00,1.69
2017.10.16 11:18:00.630,1.66702,1.66733,3.75,1.00
2017.10.16 11:18:00.861,1.66704,1.66735,1.25,1.00
2017.10.16 11:18:01.317,1.66706,1.66735,1.50,1.00
2017.10.16 11:18:01.419,1.66708,1.66738,1.00,1.00
2017.10.16 11:18:01.787,1.66711,1.66738,1.00,1.00
2017.10.16 11:18:01.966,1.66711,1.66741,1.00,1.69
2017.10.16 11:18:02.361,1.66714,1.66742,1.00,1.00
2017.10.16 11:18:02.412,1.66713,1.66745,3.00,1.25
2017.10.16 11:18:02.463,1.66716,1.66746,1.00,2.25
2017.10.16 11:18:02.768,1.66716,1.66744,1.69,1.00
2017.10.16 11:18:02.971,1.66718,1.66747,1.00,1.00
2017.10.16 11:18:03.549,1.66719,1.66747,1.00,1.00
2017.10.16 11:18:03.801,1.66717,1.66747,2.25,1.00
2017.10.16 11:18:04.331,1.66718,1.66747,1.00,1.00
2017.10.16 11:18:04.482,1.6672,1.66749,2.25,1.00
2017.10.16 11:18:04.912,1.66723,1.66749,1.00,1.00
2017.10.16 11:18:05.258,1.6672,1.66749,1.00,3.19
2017.10.16 11:18:05.410,1.66716,1.66745,1.00,1.19
2017.10.16 11:18:05.462,1.66713,1.66743,1.00,1.50
2017.10.16 11:18:05.978,1.66712,1.66743,1.87,1.50
2017.10.16 11:18:06.567,1.66712,1.66742,1.00,1.25
2017.10.16 11:18:06.832,1.66714,1.66743,1.69,1.00
2017.10.16 11:18:07.133,1.6673,1.66758,1.00,1.69
2017.10.16 11:18:07.726,1.66731,1.66759,1.00,1.19
2017.10.16 11:18:07.777,1.66731,1.66759,1.00,1.00
2017.10.16 11:18:07.828,1.66731,1.66761,2.25,1.25
2017.10.16 11:18:08.968,1.66731,1.66756,1.50,1.00
2017.10.16 11:18:09.469,1.66731,1.66757,1.50,1.00
2017.10.16 11:18:09.773,1.66731,1.66751,1.00,1.00
2017.10.16 11:18:11.350,1.66731,1.66756,1.00,1.00
2017.10.16 11:18:11.401,1.66728,1.66756,1.00,1.50
2017.10.16 11:18:11.813,1.66728,1.66754,1.00,1.00
2017.10.16 11:18:12.322,1.66728,1.66755,1.00,1.25
2017.10.16 11:18:12.850,1.66728,1.66752,1.00,1.50
2017.10.16 11:18:13.613,1.66728,1.66753,1.00,1.00
2017.10.16 11:18:13.665,1.66728,1.66755,1.00,1.00
2017.10.16 11:18:13.766,1.66728,1.66757,1.00,1.69
2017.10.16 11:18:14.376,1.66728,1.66756,1.00,1.00
2017.10.16 11:18:15.197,1.66728,1.66755,1.00,1.00
2017.10.16 11:18:15.738,1.66728,1.66755,1.31,1.00
2017.10.16 11:18:16.273,1.66728,1.66757,1.25,1.69
2017.10.16 11:18:16.979,1.66728,1.66757,1.31,1.69
2017.10.16 11:18:17.333,1.6673,1.66757,1.19,1.00
2017.10.16 11:18:17.636,1.66733,1.66757,1.00,1.00
2017.10.16 11:18:19.352,1.66732,1.66757,1.00,1.00
2017.10.16 11:18:19.545,1.66729,1.66757,1.62,1.00
2017.10.16 11:18:20.157,1.66729,1.66757,1.00,1.00
2017.10.16 11:18:20.819,1.66728,1.66757,1.31,1.00
2017.10.16 11:18:25.712,1.66728,1.66756,1.56,1.00
2017.10.16 11:18:26.441,1.66728,1.66757,1.00,1.50
2017.10.16 11:18:27.948,1.66728,1.66756,1.50,1.00
2017.10.16 11:18:28.100,1.66723,1.66749,1.00,1.00
2017.10.16 11:18:28.202,1.6672,1.66747,1.00,1.00
2017.10.16 11:18:28.507,1.66716,1.66743,1.00,1.00
2017.10.16 11:18:29.062,1.66715,1.66742,1.00,1.00
2017.10.16 11:18:29.113,1.66713,1.66743,1.00,2.25
2017.10.16 11:18:29.657,1.66712,1.66743,2.44,2.25
2017.10.16 11:18:30.228,1.66712,1.66742,1.00,1.25
2017.10.16 11:18:31.669,1.66712,1.66743,1.00,2.44
2017.10.16 11:18:32.442,1.66712,1.66742,1.87,1.25
2017.10.16 11:18:33.051,1.66712,1.66743,1.69,3.19
2017.10.16 11:18:35.359,1.66712,1.66742,1.87,1.25
2017.10.16 11:18:35.909,1.66713,1.66743,1.50,2.25
2017.10.16 11:18:36.373,1.66712,1.66743,2.06,2.25
2017.10.16 11:18:38.551,1.66713,1.66743,1.75,1.00
2017.10.16 11:18:38.653,1.66717,1.66747,1.31,1.00
2017.10.16 11:18:39.266,1.66717,1.66747,1.50,1.00
2017.10.16 11:18:39.801,1.66719,1.66747,1.00,1.00
2017.10.16 11:18:40.342,1.66721,1.6675,1.00,1.00
2017.10.16 11:18:40.444,1.66719,1.6675,1.00,1.19
2017.10.16 11:18:40.495,1.66719,1.66745,1.00,1.00
2017.10.16 11:18:40.697,1.66712,1.6674,1.00,1.25
2017.10.16 11:18:40.748,1.6671,1.66735,1.00,1.00
2017.10.16 11:18:40.799,1.66707,1.66735,1.00,1.00
2017.10.16 11:18:40.850,1.66705,1.66735,1.25,1.50
2017.10.16 11:18:43.988,1.66708,1.66736,1.31,1.50
2017.10.16 11:18:44.227,1.66708,1.66738,2.25,1.00
2017.10.16 11:18:44.764,1.66708,1.66739,2.25,2.25
2017.10.16 11:18:45.525,1.66709,1.66739,1.00,1.50
2017.10.16 11:18:45.627,1.66712,1.66741,1.00,2.25
2017.10.16 11:18:46.667,1.66712,1.6674,2.25,1.00
2017.10.16 11:18:47.159,1.66712,1.66739,1.00,1.27
2017.10.16 11:18:47.261,1.66706,1.66735,1.00,1.00
2017.10.16 11:18:47.413,1.66703,1.66732,1.50,1.00
2017.10.16 11:18:48.615,1.66702,1.66732,2.44,1.00
2017.10.16 11:18:49.670,1.66703,1.66732,1.75,1.00
2017.10.16 11:18:50.026,1.66704,1.66732,1.25,1.00
2017.10.16 11:18:51.304,1.66703,1.66732,1.25,1.00
2017.10.16 11:18:51.970,1.66704,1.66732,2.25,1.00
2017.10.16 11:18:52.254,1.66705,1.66732,1.50,1.00
2017.10.16 11:18:55.559,1.66705,1.66733,2.25,1.00
2017.10.16 11:18:55.865,1.66707,1.66733,1.00,1.00
2017.10.16 11:18:56.228,1.66707,1.66733,1.81,1.00
2017.10.16 11:18:57.208,1.66708,1.66733,1.00,1.00
2017.10.16 11:18:57.739,1.66709,1.66733,1.00,1.00
2017.10.16 11:18:58.592,1.66708,1.66733,1.50,1.00
2017.10.16 11:18:59.114,1.66707,1.66733,1.00,1.50
2017.10.16 11:18:59.417,1.66704,1.6673,1.00,1.00
2017.10.16 11:19:00.256,1.66705,1.6673,1.00,1.00
2017.10.16 11:19:01.459,1.66705,1.6673,1.69,1.00
2017.10.16 11:19:01.892,1.66708,1.66735,1.50,1.00
2017.10.16 11:19:02.942,1.6671,1.66735,1.00,1.00
2017.10.16 11:19:02.993,1.66706,1.66735,1.25,1.00
2017.10.16 11:19:03.044,1.66704,1.66731,1.00,1.00
2017.10.16 11:19:03.351,1.66705,1.66729,1.25,1.00
2017.10.16 11:19:03.504,1.66707,1.66734,1.00,1.00
2017.10.16 11:19:03.657,1.66703,1.66731,1.00,1.00
2017.10.16 11:19:03.708,1.66702,1.66727,1.00,1.00
2017.10.16 11:19:03.809,1.66699,1.66728,1.00,1.50
2017.10.16 11:19:04.315,1.667,1.66731,1.87,1.69
2017.10.16 11:19:04.442,1.66702,1.66731,1.00,1.50
2017.10.16 11:19:05.207,1.66702,1.6673,1.00,1.00
2017.10.16 11:19:05.512,1.66707,1.66735,1.00,1.00
2017.10.16 11:19:05.614,1.66705,1.66735,1.50,1.00
2017.10.16 11:19:06.844,1.66705,1.66735,1.69,1.00
2017.10.16 11:19:07.397,1.66705,1.66735,1.87,1.50
2017.10.16 11:19:08.441,1.66706,1.66735,1.00,1.00
2017.10.16 11:19:08.492,1.66708,1.66735,1.00,1.00
2017.10.16 11:19:08.644,1.66705,1.66735,1.87,1.50
2017.10.16 11:19:13.991,1.66706,1.66735,1.00,1.50
2017.10.16 11:19:14.354,1.66714,1.66737,1.19,1.00
2017.10.16 11:19:14.487,1.6672,1.66746,1.00,1.00
2017.10.16 11:19:14.538,1.66722,1.66746,1.00,1.00
2017.10.16 11:19:16.523,1.66725,1.66749,1.00,1.00
2017.10.16 11:19:16.624,1.66727,1.66752,1.00,1.00
2017.10.16 11:19:17.680,1.66728,1.66752,1.00,1.00
2017.10.16 11:19:19.270,1.66732,1.66752,1.00,1.00
2017.10.16 11:19:19.321,1.66732,1.66759,1.25,1.50
2017.10.16 11:19:19.372,1.66737,1.66761,1.00,1.00
2017.10.16 11:19:19.524,1.66735,1.66763,1.00,1.50
2017.10.16 11:19:19.626,1.66737,1.66763,1.00,1.00
2017.10.16 11:19:19.931,1.66739,1.66763,1.00,1.00
2017.10.16 11:19:19.982,1.66736,1.66763,1.00,1.69
2017.10.16 11:19:20.340,1.66734,1.6676,1.00,1.31
2017.10.16 11:19:20.846,1.66734,1.66761,1.00,1.00
2017.10.16 11:19:22.028,1.66737,1.66761,1.00,1.00
2017.10.16 11:19:22.581,1.66737,1.66765,1.00,1.19
2017.10.16 11:19:23.085,1.66738,1.66765,1.00,1.00
2017.10.16 11:19:24.221,1.66738,1.66763,1.00,1.00
2017.10.16 11:19:24.623,1.66738,1.66765,1.00,1.69
2017.10.16 11:19:24.901,1.6674,1.66765,1.00,1.00
2017.10.16 11:19:25.643,1.66739,1.66765,1.00,1.00
2017.10.16 11:19:26.706,1.66738,1.66765,1.00,1.00
2017.10.16 11:19:27.046,1.66739,1.66762,1.00,1.00
2017.10.16 11:19:27.179,1.66741,1.66765,1.00,1.25
2017.10.16 11:19:27.230,1.66739,1.66765,1.00,1.25
2017.10.16 11:19:28.034,1.66739,1.66765,1.00,1.19
2017.10.16 11:19:28.086,1.66737,1.66764,1.00,1.19
2017.10.16 11:19:28.600,1.66736,1.66764,1.00,1.19
2017.10.16 11:19:29.152,1.66736,1.66764,1.00,1.00
2017.10.16 11:19:29.714,1.66733,1.66761,1.00,2.06
2017.10.16 11:19:30.222,1.66733,1.66761,1.00,1.31
2017.10.16 11:19:30.855,1.66733,1.66761,1.00,1.31
2017.10.16 11:19:31.264,1.66741,1.66765,1.69,1.50
2017.10.16 11:19:31.366,1.66749,1.66775,1.25,1.00
2017.10.16 11:19:31.568,1.66752,1.66775,1.00,1.00
2017.10.16 11:19:32.453,1.66756,1.66779,1.00,1.00
2017.10.16 11:19:32.767,1.66755,1.66776,1.00,1.00
2017.10.16 11:19:33.055,1.66757,1.66779,1.00,1.50
2017.10.16 11:19:34.524,1.66757,1.66778,1.00,1.00
2017.10.16 11:19:34.575,1.66755,1.66779,1.00,1.00
2017.10.16 11:19:34.626,1.6675,1.66774,1.00,1.00
2017.10.16 11:19:34.728,1.66748,1.66774,1.00,1.50
2017.10.16 11:19:34.878,1.66744,1.6677,1.69,1.00
2017.10.16 11:19:35.216,1.66742,1.66762,1.25,1.00
2017.10.16 11:19:35.370,1.66766,1.6679,1.19,1.00
2017.10.16 11:19:35.421,1.66769,1.6679,1.00,1.00
2017.10.16 11:19:35.472,1.66768,1.66795,1.00,2.25
2017.10.16 11:19:35.624,1.66767,1.66792,1.00,1.00
2017.10.16 11:19:35.967,1.66764,1.66791,1.00,2.25
2017.10.16 11:19:36.019,1.66761,1.66782,1.00,1.00
2017.10.16 11:19:36.475,1.66759,1.66781,1.00,1.00
2017.10.16 11:19:36.678,1.66757,1.66781,1.00,1.00
2017.10.16 11:19:37.047,1.66757,1.66782,1.19,1.00
2017.10.16 11:19:37.593,1.6676,1.66782,1.00,1.00
2017.10.16 11:19:39.225,1.66761,1.66782,1.69,1.00
2017.10.16 11:19:39.276,1.66765,1.66784,1.00,1.00
2017.10.16 11:19:39.327,1.66767,1.6679,1.00,2.25
2017.10.16 11:19:39.429,1.66769,1.66793,1.00,1.00
2017.10.16 11:19:39.525,1.66767,1.66793,1.00,1.00
2017.10.16 11:19:39.578,1.66767,1.66791,1.00,1.00
2017.10.16 11:19:40.036,1.66764,1.66785,1.00,1.00
2017.10.16 11:19:40.087,1.6676,1.66784,1.00,1.00
2017.10.16 11:19:40.241,1.6676,1.66782,1.00,1.50
2017.10.16 11:19:40.444,1.66758,1.66782,1.00,1.00
2017.10.16 11:19:40.843,1.66761,1.66785,1.00,2.44
2017.10.16 11:19:41.610,1.6676,1.66785,1.00,1.69
2017.10.16 11:19:41.978,1.66755,1.66774,1.00,1.00
2017.10.16 11:19:42.029,1.6675,1.66774,1.50,1.50
2017.10.16 11:19:42.080,1.66749,1.6677,1.50,1.50
2017.10.16 11:19:42.311,1.66749,1.66773,1.00,1.00
2017.10.16 11:19:42.513,1.66751,1.66772,1.00,1.00
2017.10.16 11:19:42.864,1.66754,1.66773,1.00,1.00
2017.10.16 11:19:43.280,1.66754,1.66776,1.00,1.50
2017.10.16 11:19:43.608,1.66753,1.66778,1.00,1.00
2017.10.16 11:19:44.050,1.66754,1.66776,1.00,1.00
2017.10.16 11:19:44.101,1.6675,1.66777,1.00,1.00
2017.10.16 11:19:44.254,1.66749,1.66774,1.00,1.00
2017.10.16 11:19:44.598,1.66748,1.66768,1.00,1.00
2017.10.16 11:19:45.054,1.66749,1.66773,1.19,1.00
2017.10.16 11:19:45.105,1.66752,1.66775,1.00,2.44
2017.10.16 11:19:45.619,1.66752,1.66774,1.00,1.00
2017.10.16 11:19:46.686,1.66751,1.66774,1.25,1.00
2017.10.16 11:19:46.838,1.66753,1.66779,1.50,2.25
2017.10.16 11:19:47.451,1.66751,1.66771,1.00,1.00
2017.10.16 11:19:47.503,1.66748,1.66771,1.00,1.00
2017.10.16 11:19:47.604,1.66743,1.66768,1.00,1.00
2017.10.16 11:19:47.655,1.66748,1.66771,1.00,1.00
2017.10.16 11:19:47.808,1.66743,1.66767,1.00,1.50
2017.10.16 11:19:48.062,1.66743,1.66771,1.87,1.50
2017.10.16 11:19:48.571,1.66745,1.66771,1.25,1.00
2017.10.16 11:19:49.117,1.66745,1.66771,1.50,1.50
2017.10.16 11:19:50.803,1.66751,1.66773,1.25,1.00
2017.10.16 11:19:51.115,1.66752,1.66776,1.19,1.00
2017.10.16 11:19:51.685,1.66752,1.66777,1.19,1.00
2017.10.16 11:19:52.269,1.66752,1.66777,1.25,1.00
2017.10.16 11:19:53.067,1.66749,1.66777,1.31,1.00
2017.10.16 11:19:53.168,1.66748,1.66772,1.56,1.00
2017.10.16 11:19:53.690,1.66748,1.66773,1.00,1.50
2017.10.16 11:19:53.741,1.66748,1.66776,1.00,1.50
2017.10.16 11:19:54.194,1.66748,1.66773,1.00,1.00
2017.10.16 11:19:54.733,1.66747,1.66774,2.06,1.00
2017.10.16 11:19:55.292,1.66747,1.66775,1.50,1.00
2017.10.16 11:19:55.803,1.66745,1.66774,1.31,1.00
2017.10.16 11:19:55.897,1.66745,1.66773,1.00,1.25
2017.10.16 11:19:55.948,1.66738,1.66767,1.00,1.00
2017.10.16 11:19:55.999,1.66736,1.66764,1.00,1.00
2017.10.16 11:19:56.309,1.66734,1.66762,1.00,1.00
2017.10.16 11:19:56.615,1.66731,1.66759,1.87,1.00
2017.10.16 11:19:57.161,1.66731,1.66758,1.00,1.50
2017.10.16 11:19:57.694,1.6673,1.66752,1.00,1.00
2017.10.16 11:19:57.846,1.6673,1.66755,1.19,1.00
2017.10.16 11:19:57.897,1.6673,1.66759,1.19,3.00
2017.10.16 11:19:57.948,1.66733,1.6676,1.19,1.00
2017.10.16 11:19:58.452,1.66735,1.66761,1.00,1.00
2017.10.16 11:19:58.789,1.66738,1.66764,1.00,1.50
2017.10.16 11:19:59.334,1.66738,1.66763,1.25,1.00
2017.10.16 11:19:59.862,1.66738,1.66764,1.25,1.50
2017.10.16 11:20:00.368,1.66738,1.66764,1.19,1.00
2017.10.16 11:20:01.968,1.66736,1.66764,1.69,1.00
2017.10.16 11:20:02.887,1.66735,1.66763,1.69,1.00
2017.10.16 11:20:02.988,1.66731,1.66756,1.50,1.00
2017.10.16 11:20:03.304,1.66728,1.66752,1.00,1.00
2017.10.16 11:20:03.457,1.66726,1.66752,1.00,1.00
2017.10.16 11:20:03.558,1.66723,1.66752,1.19,1.00
2017.10.16 11:20:04.077,1.66723,1.66751,1.19,1.00
2017.10.16 11:20:04.596,1.66723,1.66751,1.25,1.00
2017.10.16 11:20:05.798,1.66725,1.66753,1.25,2.25
2017.10.16 11:20:06.785,1.66724,1.66753,1.19,1.50
2017.10.16 11:20:07.863,1.66722,1.66753,1.19,2.25
2017.10.16 11:20:07.914,1.66722,1.66749,1.00,1.00
2017.10.16 11:20:08.067,1.66719,1.6675,1.69,1.00
2017.10.16 11:20:09.652,1.6672,1.6675,1.00,1.00
2017.10.16 11:20:11.962,1.66719,1.6675,3.75,1.00
2017.10.16 11:20:12.548,1.6672,1.66749,1.00,1.00
2017.10.16 11:20:13.066,1.66719,1.6675,2.25,1.50
2017.10.16 11:20:13.370,1.66722,1.66749,1.69,1.00
2017.10.16 11:20:13.472,1.66725,1.66753,1.19,1.00
2017.10.16 11:20:14.933,1.66727,1.66756,1.69,1.00
2017.10.16 11:20:16.266,1.66731,1.66756,1.00,1.00
2017.10.16 11:20:16.368,1.66731,1.66762,1.00,2.25
2017.10.16 11:20:17.043,1.66731,1.66762,1.19,3.00
2017.10.16 11:20:17.393,1.66736,1.66764,1.00,1.00
2017.10.16 11:20:17.910,1.66735,1.66764,1.69,1.00
2017.10.16 11:20:20.283,1.66735,1.66764,2.44,1.00
2017.10.16 11:20:21.816,1.66735,1.66764,1.69,1.00
2017.10.16 11:20:23.128,1.66735,1.66764,2.44,1.00
2017.10.16 11:20:23.863,1.66736,1.66764,1.19,1.00
2017.10.16 11:20:24.402,1.66736,1.66764,1.19,1.00
2017.10.16 11:20:24.916,1.66737,1.66764,1.25,1.00
2017.10.16 11:20:26.117,1.66738,1.66764,1.25,1.00
2017.10.16 11:20:26.201,1.66739,1.66768,1.00,1.50
2017.10.16 11:20:26.252,1.66747,1.66771,1.00,1.00
2017.10.16 11:20:26.303,1.66747,1.66774,1.00,1.00
2017.10.16 11:20:26.354,1.66749,1.66774,1.50,1.00
2017.10.16 11:20:26.405,1.66749,1.66779,1.00,2.44
2017.10.16 11:20:27.004,1.66749,1.66779,1.50,1.25
2017.10.16 11:20:27.528,1.6675,1.66779,1.00,1.19
2017.10.16 11:20:28.157,1.6675,1.66779,1.50,1.25
2017.10.16 11:20:28.735,1.6675,1.66778,1.00,2.25
2017.10.16 11:20:29.587,1.66748,1.66778,1.50,2.25
2017.10.16 11:20:30.930,1.66748,1.66777,1.25,1.00
2017.10.16 11:20:31.232,1.66748,1.66777,1.19,1.50
2017.10.16 11:20:31.333,1.66748,1.66776,1.69,1.00
2017.10.16 11:20:31.536,1.66749,1.66774,1.00,1.00
2017.10.16 11:20:31.688,1.66744,1.66772,1.00,1.19
2017.10.16 11:20:31.739,1.66742,1.66768,1.00,1.50
