2013.04.09 02:00:00.938,1.55257,1.55289,1.13,1.13
2013.04.09 02:00:01.488,1.55261,1.55293,1.13,1.13
2013.04.09 02:00:02.062,1.55257,1.55289,1.13,1.13
2013.04.09 02:00:10.339,1.55254,1.55289,1.13,1.13
2013.04.09 02:00:10.688,1.55256,1.55291,1.13,1.13
2013.04.09 02:00:25.438,1.55256,1.55293,1.50,1.13
2013.04.09 02:00:25.500,1.55263,1.55297,1.50,1.65
2013.04.09 02:00:25.558,1.55263,1.55298,1.50,2.40
2013.04.09 02:00:26.539,1.55267,1.55298,1.13,1.13
2013.04.09 02:00:26.849,1.5527,1.553,1.13,1.13
2013.04.09 02:00:27.558,1.55266,1.55299,1.13,1.13
2013.04.09 02:00:27.789,1.5527,1.553,1.13,1.13
2013.04.09 02:00:27.850,1.5527,1.55303,1.13,1.13
2013.04.09 02:00:27.908,1.55267,1.553,1.13,1.13
2013.04.09 02:00:28.968,1.5527,1.55304,1.13,1.28
2013.04.09 02:00:29.328,1.55271,1.55305,1.13,1.65
2013.04.09 02:00:29.568,1.5527,1.55305,2.25,1.65
2013.04.09 02:00:29.868,1.55271,1.55305,1.13,1.65
2013.04.09 02:00:30.359,1.55276,1.55309,1.13,1.88
2013.04.09 02:00:30.876,1.55276,1.55309,1.13,1.13
2013.04.09 02:00:31.781,1.55276,1.55309,1.13,1.13
2013.04.09 02:00:34.019,1.55276,1.55309,1.13,1.13
2013.04.09 02:00:39.178,1.55276,1.5531,1.13,2.63
2013.04.09 02:00:40.638,1.55276,1.5531,1.13,1.88
2013.04.09 02:00:41.745,1.55276,1.5531,1.13,1.88
2013.04.09 02:00:43.652,1.55278,1.55311,1.13,1.50
2013.04.09 02:00:45.357,1.55278,1.55311,1.13,2.25
2013.04.09 02:00:46.661,1.55278,1.55311,1.13,1.50
2013.04.09 02:00:51.469,1.55278,1.5531,1.13,1.50
2013.04.09 02:00:59.938,1.55275,1.55309,1.13,1.13
2013.04.09 02:01:00.228,1.55275,1.55308,1.13,1.13
2013.04.09 02:01:02.079,1.55272,1.55304,1.13,1.13
2013.04.09 02:01:02.591,1.55275,1.55308,1.13,1.13
2013.04.09 02:01:03.149,1.55275,1.55306,1.13,1.13
2013.04.09 02:01:04.659,1.55275,1.55309,1.13,1.13
2013.04.09 02:01:05.868,1.55275,1.55307,1.13,1.13
2013.04.09 02:01:06.552,1.55275,1.55307,1.13,1.13
2013.04.09 02:01:06.880,1.55272,1.55303,1.13,1.13
2013.04.09 02:01:07.119,1.55269,1.55303,1.13,1.13
2013.04.09 02:01:07.538,1.55272,1.55303,1.13,1.65
2013.04.09 02:01:08.387,1.55268,1.55303,1.50,1.65
2013.04.09 02:01:09.068,1.55268,1.55303,1.88,1.65
2013.04.09 02:01:09.143,1.55272,1.55301,1.13,1.13
2013.04.09 02:01:09.728,1.55272,1.553,1.13,1.13
2013.04.09 02:01:11.118,1.55272,1.55303,1.13,2.40
2013.04.09 02:01:11.298,1.55266,1.55299,1.13,1.13
2013.04.09 02:01:11.538,1.55266,1.55299,1.13,1.13
2013.04.09 02:01:11.838,1.55266,1.55299,1.13,1.88
2013.04.09 02:01:12.139,1.55261,1.55294,1.13,2.25
2013.04.09 02:01:12.258,1.55261,1.55294,1.13,1.73
2013.04.09 02:01:14.459,1.5526,1.55288,1.50,1.65
2013.04.09 02:01:14.519,1.55251,1.55284,1.13,1.13
2013.04.09 02:01:14.699,1.55247,1.5528,1.13,1.50
2013.04.09 02:01:14.939,1.55243,1.55278,1.32,1.13
2013.04.09 02:01:15.299,1.55241,1.55274,6.75,1.13
2013.04.09 02:01:16.364,1.55241,1.55274,1.13,1.13
2013.04.09 02:01:17.365,1.55241,1.55274,1.13,1.13
2013.04.09 02:01:18.199,1.55233,1.55268,1.13,1.13
2013.04.09 02:01:18.318,1.55232,1.55268,1.50,1.13
2013.04.09 02:01:18.379,1.55236,1.5527,1.13,1.65
2013.04.09 02:01:18.499,1.55233,1.55268,1.13,1.13
2013.04.09 02:01:19.284,1.55237,1.55268,1.13,1.13
2013.04.09 02:01:20.601,1.55238,1.5527,1.13,1.65
2013.04.09 02:01:21.530,1.55238,1.55267,1.13,1.13
2013.04.09 02:01:21.728,1.5524,1.55274,1.50,1.13
2013.04.09 02:01:21.849,1.55237,1.55274,1.13,1.88
2013.04.09 02:01:22.209,1.55243,1.55281,1.13,1.65
2013.04.09 02:01:22.748,1.55243,1.5528,1.13,1.65
2013.04.09 02:01:23.108,1.55244,1.5528,1.13,1.65
2013.04.09 02:01:23.819,1.55247,1.5528,1.13,1.65
2013.04.09 02:01:23.938,1.55244,1.55277,1.13,1.13
2013.04.09 02:01:24.908,1.55247,1.55278,1.13,1.13
2013.04.09 02:01:25.508,1.55247,1.5528,1.13,1.65
2013.04.09 02:01:26.721,1.55247,1.55278,1.13,1.13
2013.04.09 02:01:29.269,1.55244,1.55277,1.13,1.13
2013.04.09 02:01:35.279,1.55246,1.5528,1.50,1.28
2013.04.09 02:01:35.399,1.55249,1.5528,1.13,1.28
2013.04.09 02:01:35.700,1.55249,1.55288,2.25,2.03
2013.04.09 02:01:35.878,1.55252,1.55288,1.50,2.03
2013.04.09 02:01:36.378,1.55252,1.55287,1.50,1.28
2013.04.09 02:01:38.399,1.55251,1.55287,1.50,1.28
2013.04.09 02:01:41.571,1.55252,1.55284,1.13,1.13
2013.04.09 02:01:42.158,1.55251,1.55284,1.13,1.13
2013.04.09 02:01:43.799,1.55251,1.55282,1.13,1.13
2013.04.09 02:01:44.010,1.55251,1.55282,1.13,1.13
2013.04.09 02:01:44.070,1.55251,1.55282,1.13,1.13
2013.04.09 02:01:44.911,1.55252,1.55283,1.13,1.13
2013.04.09 02:01:45.279,1.55251,1.55287,1.50,1.28
2013.04.09 02:01:45.519,1.55249,1.55287,1.50,1.28
2013.04.09 02:01:46.031,1.55249,1.55287,1.50,1.28
2013.04.09 02:01:46.088,1.55249,1.55287,1.50,1.28
2013.04.09 02:01:47.529,1.55246,1.55283,1.50,1.13
2013.04.09 02:01:47.648,1.55246,1.55283,1.50,1.13
2013.04.09 02:01:48.710,1.55248,1.55279,1.50,1.50
2013.04.09 02:01:48.769,1.55239,1.55277,1.50,1.13
2013.04.09 02:01:49.009,1.55237,1.55277,2.63,1.13
2013.04.09 02:01:49.549,1.55239,1.55277,1.50,1.13
2013.04.09 02:01:49.668,1.55239,1.55277,1.50,1.13
2013.04.09 02:01:50.930,1.55239,1.55277,1.50,1.13
2013.04.09 02:01:53.878,1.55239,1.55275,1.13,1.13
2013.04.09 02:01:54.570,1.55239,1.55275,1.13,1.13
2013.04.09 02:01:54.868,1.55241,1.55275,1.13,1.13
2013.04.09 02:01:55.989,1.55236,1.55273,2.25,1.13
2013.04.09 02:01:56.188,1.55241,1.55274,1.13,1.13
2013.04.09 02:01:56.698,1.55241,1.55275,1.50,1.88
2013.04.09 02:01:57.985,1.55241,1.55274,1.13,2.25
2013.04.09 02:01:58.538,1.55241,1.55274,1.13,2.25
2013.04.09 02:01:59.104,1.55241,1.55274,1.13,1.13
2013.04.09 02:02:00.589,1.55237,1.55272,1.13,1.13
2013.04.09 02:02:03.070,1.55241,1.55273,1.13,1.13
2013.04.09 02:02:05.980,1.55236,1.55271,1.13,1.13
2013.04.09 02:02:08.899,1.55236,1.55269,1.88,1.13
2013.04.09 02:02:12.570,1.55242,1.55273,1.13,1.13
2013.04.09 02:02:13.759,1.55242,1.55273,1.13,1.13
2013.04.09 02:02:13.878,1.55242,1.55274,1.13,1.28
2013.04.09 02:02:14.119,1.55242,1.55275,1.13,1.28
2013.04.09 02:02:14.598,1.55246,1.55275,1.13,1.28
2013.04.09 02:02:15.138,1.55245,1.55274,1.13,1.28
2013.04.09 02:02:20.619,1.55242,1.55274,1.13,1.28
2013.04.09 02:02:21.898,1.5524,1.55274,1.50,1.28
2013.04.09 02:02:22.469,1.55241,1.55274,1.13,1.28
2013.04.09 02:02:23.156,1.55241,1.55277,1.13,1.13
2013.04.09 02:02:26.709,1.55243,1.55278,1.88,1.13
2013.04.09 02:02:27.209,1.55242,1.55278,1.50,1.13
2013.04.09 02:02:36.998,1.55242,1.55279,1.50,1.13
2013.04.09 02:02:38.791,1.55246,1.5528,1.88,1.13
2013.04.09 02:02:38.890,1.55246,1.5528,1.13,1.13
2013.04.09 02:02:39.249,1.55251,1.55283,1.13,1.65
2013.04.09 02:02:40.149,1.55246,1.5528,1.13,1.13
2013.04.09 02:02:40.699,1.55246,1.5528,1.88,1.13
2013.04.09 02:02:43.801,1.55246,1.55279,1.13,1.13
2013.04.09 02:02:44.919,1.55246,1.55279,1.13,1.13
2013.04.09 02:02:45.158,1.55243,1.55281,1.50,1.13
2013.04.09 02:02:46.118,1.55247,1.55281,1.13,1.13
2013.04.09 02:02:47.069,1.5525,1.55284,1.13,1.88
2013.04.09 02:02:47.878,1.55247,1.5528,1.13,1.13
2013.04.09 02:02:58.770,1.55247,1.5528,1.13,1.13
2013.04.09 02:02:59.289,1.55246,1.55283,1.13,1.20
2013.04.09 02:02:59.769,1.55245,1.55278,1.13,1.20
2013.04.09 02:03:01.698,1.55241,1.55276,1.13,1.13
2013.04.09 02:03:02.261,1.55241,1.55276,1.13,1.65
2013.04.09 02:03:02.689,1.55246,1.55278,1.13,2.40
2013.04.09 02:03:02.979,1.55246,1.55278,1.13,3.15
2013.04.09 02:03:04.571,1.55246,1.55277,1.13,1.65
2013.04.09 02:03:07.249,1.55242,1.55273,1.13,1.13
2013.04.09 02:03:07.791,1.55242,1.55273,1.13,1.13
2013.04.09 02:03:08.300,1.55245,1.55277,1.13,1.13
2013.04.09 02:03:10.765,1.55245,1.55276,1.13,1.13
2013.04.09 02:03:11.758,1.55247,1.55276,1.13,1.13
2013.04.09 02:03:11.818,1.55247,1.55279,1.13,1.13
2013.04.09 02:03:12.058,1.55247,1.55279,1.13,1.13
2013.04.09 02:03:14.239,1.55247,1.55279,1.88,1.13
2013.04.09 02:03:29.309,1.55241,1.55274,1.28,1.13
2013.04.09 02:03:29.551,1.55242,1.55274,1.13,1.13
2013.04.09 02:03:50.622,1.55242,1.55273,1.13,1.13
2013.04.09 02:03:51.724,1.55242,1.55273,1.13,1.13
2013.04.09 02:03:55.006,1.55241,1.55273,1.13,1.13
2013.04.09 02:04:06.203,1.55242,1.55273,1.13,1.13
2013.04.09 02:04:07.309,1.55241,1.55273,1.13,1.13
2013.04.09 02:04:11.140,1.55241,1.55273,1.13,1.13
2013.04.09 02:04:12.828,1.55241,1.55273,1.13,1.13
2013.04.09 02:04:18.980,1.55241,1.55273,1.13,1.13
2013.04.09 02:04:20.449,1.55241,1.55274,1.13,1.13
2013.04.09 02:04:20.729,1.55241,1.55276,1.13,1.50
2013.04.09 02:04:22.729,1.55241,1.55266,1.13,1.13
2013.04.09 02:04:22.909,1.55236,1.55267,1.50,1.50
2013.04.09 02:04:23.110,1.55231,1.55266,1.50,1.50
2013.04.09 02:04:23.168,1.55229,1.55266,1.13,1.50
2013.04.09 02:04:23.229,1.55227,1.55264,1.13,1.88
2013.04.09 02:04:24.029,1.55231,1.55264,1.13,1.88
2013.04.09 02:04:25.079,1.55227,1.5526,1.13,1.13
2013.04.09 02:04:25.578,1.55227,1.5526,1.13,1.13
2013.04.09 02:04:25.849,1.55226,1.5526,1.28,1.13
2013.04.09 02:04:26.789,1.55227,1.5526,1.13,1.13
2013.04.09 02:04:27.440,1.55227,1.55258,1.13,1.13
2013.04.09 02:04:27.626,1.55227,1.55258,1.13,1.43
2013.04.09 02:04:28.209,1.55221,1.55255,1.88,1.13
2013.04.09 02:04:29.148,1.55221,1.55254,1.88,1.13
2013.04.09 02:04:30.320,1.55221,1.55254,1.88,1.88
2013.04.09 02:04:31.339,1.55221,1.55254,1.13,1.13
2013.04.09 02:04:31.399,1.55224,1.55257,1.13,1.80
2013.04.09 02:04:31.639,1.55225,1.55258,1.13,1.13
2013.04.09 02:04:31.699,1.55228,1.55262,1.13,1.65
2013.04.09 02:04:32.635,1.55226,1.55259,1.13,1.13
2013.04.09 02:04:33.458,1.5523,1.55262,1.13,1.65
2013.04.09 02:04:34.668,1.5523,1.55262,1.13,1.28
2013.04.09 02:04:36.980,1.5523,1.55262,1.13,2.03
2013.04.09 02:04:38.200,1.55227,1.55259,1.13,1.13
2013.04.09 02:04:39.891,1.55227,1.55258,1.13,1.13
2013.04.09 02:04:40.309,1.5523,1.5526,1.13,1.13
2013.04.09 02:04:40.609,1.55228,1.5526,1.13,1.13
2013.04.09 02:04:40.789,1.55232,1.55262,1.13,1.65
2013.04.09 02:04:45.649,1.55227,1.55261,1.13,1.28
2013.04.09 02:04:46.319,1.55226,1.5526,1.13,1.13
2013.04.09 02:04:48.359,1.5523,1.55261,1.13,1.65
2013.04.09 02:04:48.919,1.55231,1.55266,1.50,1.13
2013.04.09 02:04:48.978,1.55236,1.55269,1.13,2.40
2013.04.09 02:04:52.858,1.55236,1.55269,1.13,2.03
2013.04.09 02:04:53.489,1.55236,1.55269,1.13,1.28
2013.04.09 02:04:53.669,1.55236,1.55269,1.13,1.28
2013.04.09 02:04:53.789,1.55236,1.55271,1.13,1.13
2013.04.09 02:04:56.550,1.55236,1.55271,1.50,1.35
2013.04.09 02:04:56.611,1.55236,1.55268,1.13,1.35
2013.04.09 02:04:56.909,1.55233,1.55266,1.50,1.65
2013.04.09 02:04:57.345,1.55229,1.55264,1.13,1.13
2013.04.09 02:04:57.590,1.55232,1.55264,1.13,1.13
2013.04.09 02:04:58.692,1.55227,1.55265,1.50,1.13
2013.04.09 02:04:58.789,1.55234,1.55266,1.13,2.03
2013.04.09 02:04:58.890,1.55231,1.55265,1.13,1.13
2013.04.09 02:05:06.754,1.55231,1.55266,1.13,1.35
2013.04.09 02:05:07.449,1.55231,1.55264,1.13,1.13
2013.04.09 02:05:10.871,1.55231,1.55264,1.13,1.13
2013.04.09 02:05:10.994,1.55231,1.55263,1.13,1.13
2013.04.09 02:05:15.681,1.55231,1.55263,1.13,1.13
2013.04.09 02:05:18.642,1.55233,1.55267,1.13,1.65
2013.04.09 02:05:20.239,1.55235,1.55268,1.13,2.40
2013.04.09 02:05:20.419,1.55234,1.55269,1.13,1.13
2013.04.09 02:05:21.108,1.55237,1.55267,1.13,1.13
2013.04.09 02:05:21.168,1.55237,1.55267,1.13,1.13
2013.04.09 02:05:21.890,1.55234,1.55266,1.13,2.03
2013.04.09 02:05:22.129,1.55232,1.55266,1.13,2.03
2013.04.09 02:05:23.489,1.55232,1.55265,1.13,1.13
2013.04.09 02:05:23.669,1.55236,1.5527,1.50,1.13
2013.04.09 02:05:27.328,1.55232,1.55265,1.13,1.50
2013.04.09 02:05:31.315,1.55232,1.55263,1.13,1.13
2013.04.09 02:05:33.579,1.55232,1.55264,1.13,1.13
2013.04.09 02:05:34.239,1.55232,1.55264,1.13,1.13
2013.04.09 02:05:34.519,1.55232,1.55264,1.13,1.13
2013.04.09 02:05:34.700,1.55234,1.55268,1.13,1.88
2013.04.09 02:05:35.180,1.55237,1.55268,1.13,1.88
2013.04.09 02:05:37.947,1.55239,1.5527,1.13,1.13
2013.04.09 02:05:38.489,1.55241,1.5527,1.13,1.13
2013.04.09 02:05:39.980,1.55241,1.55271,1.13,1.13
2013.04.09 02:05:42.899,1.55239,1.55267,1.13,1.13
2013.04.09 02:05:43.140,1.55231,1.55267,1.50,1.13
2013.04.09 02:05:43.450,1.55234,1.5527,1.13,1.13
2013.04.09 02:05:43.960,1.55234,1.5527,1.13,1.13
2013.04.09 02:06:03.803,1.5523,1.55264,1.13,1.13
2013.04.09 02:06:04.589,1.55227,1.55264,1.50,1.13
2013.04.09 02:06:04.900,1.55227,1.55264,1.50,1.13
2013.04.09 02:06:07.562,1.55231,1.55264,1.13,1.13
2013.04.09 02:06:07.699,1.55231,1.55264,1.13,1.13
2013.04.09 02:06:08.184,1.55227,1.55261,1.13,1.13
2013.04.09 02:06:08.699,1.55227,1.55261,1.13,1.13
2013.04.09 02:06:09.337,1.55232,1.55263,1.13,1.13
2013.04.09 02:06:09.460,1.55227,1.5526,1.13,1.13
2013.04.09 02:06:10.337,1.55227,1.5526,1.13,1.13
2013.04.09 02:06:10.415,1.55227,1.5526,1.13,1.13
2013.04.09 02:06:10.710,1.55227,1.55257,1.13,1.13
2013.04.09 02:06:12.460,1.55227,1.55259,1.13,1.13
2013.04.09 02:06:12.669,1.55227,1.55257,1.13,1.13
2013.04.09 02:06:13.184,1.55227,1.55257,1.13,1.13
2013.04.09 02:06:14.159,1.55227,1.55257,1.13,1.13
2013.04.09 02:06:14.590,1.55227,1.55257,1.13,1.13
2013.04.09 02:06:14.671,1.55227,1.55257,1.13,1.13
2013.04.09 02:06:14.850,1.55227,1.55257,1.13,1.13
2013.04.09 02:06:15.824,1.55227,1.55257,1.13,1.13
2013.04.09 02:06:16.041,1.55228,1.55257,1.13,1.13
2013.04.09 02:06:16.100,1.55228,1.55257,1.13,1.13
2013.04.09 02:06:16.461,1.55224,1.55256,1.13,2.25
2013.04.09 02:06:16.699,1.55216,1.55249,1.50,1.13
2013.04.09 02:06:17.239,1.55219,1.55249,1.13,1.13
2013.04.09 02:06:19.669,1.55219,1.55254,1.13,1.13
2013.04.09 02:06:21.130,1.55219,1.55254,1.13,1.13
2013.04.09 02:06:21.319,1.55224,1.55254,1.13,1.13
2013.04.09 02:06:29.970,1.55224,1.55259,1.50,1.13
2013.04.09 02:06:32.209,1.55224,1.55259,1.50,1.13
2013.04.09 02:06:32.677,1.55224,1.55259,1.50,1.13
2013.04.09 02:06:32.742,1.55227,1.55259,1.13,1.13
2013.04.09 02:06:33.400,1.55229,1.55263,1.13,1.88
2013.04.09 02:06:33.460,1.55229,1.55263,1.13,1.13
2013.04.09 02:06:33.724,1.55227,1.55262,1.13,1.13
2013.04.09 02:06:34.269,1.55226,1.55262,1.13,1.13
2013.04.09 02:06:34.635,1.55223,1.55262,1.50,1.13
2013.04.09 02:06:34.826,1.55226,1.55262,1.13,1.13
2013.04.09 02:06:41.300,1.55226,1.55259,1.13,3.38
2013.04.09 02:06:41.359,1.55225,1.55259,1.50,3.75
2013.04.09 02:06:42.690,1.55226,1.55257,1.13,1.13
2013.04.09 02:06:44.159,1.55225,1.55259,1.13,1.13
2013.04.09 02:06:44.220,1.55226,1.55262,1.13,2.03
2013.04.09 02:06:44.758,1.55226,1.55261,1.50,1.28
2013.04.09 02:06:45.059,1.55226,1.55261,1.50,1.28
2013.04.09 02:06:45.939,1.55225,1.55261,1.50,1.28
2013.04.09 02:06:46.328,1.55226,1.55261,1.50,1.28
2013.04.09 02:06:46.389,1.55224,1.55261,1.50,1.28
2013.04.09 02:06:46.450,1.55221,1.5526,1.50,1.13
2013.04.09 02:06:49.900,1.55221,1.55255,1.13,1.13
2013.04.09 02:06:50.299,1.55221,1.55255,1.13,1.13
2013.04.09 02:06:50.709,1.55221,1.55255,1.13,1.13
2013.04.09 02:06:51.628,1.55222,1.55255,1.13,1.13
2013.04.09 02:06:52.629,1.55227,1.55255,1.13,1.13
2013.04.09 02:06:52.720,1.55227,1.55255,1.13,1.13
2013.04.09 02:06:53.020,1.55224,1.55255,1.13,1.13
2013.04.09 02:06:53.603,1.55228,1.55255,1.13,1.13
2013.04.09 02:06:53.788,1.55225,1.55255,1.13,1.13
2013.04.09 02:06:53.968,1.55225,1.55253,1.50,1.13
2013.04.09 02:06:54.208,1.55215,1.55249,1.50,1.13
2013.04.09 02:06:54.269,1.55215,1.55249,1.50,1.13
2013.04.09 02:06:54.858,1.55215,1.55249,1.88,1.13
2013.04.09 02:06:55.039,1.55215,1.55249,1.50,1.13
2013.04.09 02:06:55.278,1.55215,1.55249,1.13,1.13
2013.04.09 02:06:56.690,1.55212,1.55249,1.50,1.13
2013.04.09 02:06:56.960,1.55212,1.5525,1.50,1.13
2013.04.09 02:06:59.699,1.55212,1.5525,1.50,1.13
2013.04.09 02:07:00.420,1.55212,1.5525,1.50,1.13
2013.04.09 02:07:00.973,1.55212,1.5525,1.50,1.13
2013.04.09 02:07:01.758,1.55212,1.5525,1.50,1.13
2013.04.09 02:07:02.718,1.55212,1.55248,1.88,1.13
2013.04.09 02:07:03.039,1.55217,1.55248,1.13,1.13
2013.04.09 02:07:03.107,1.55217,1.55248,1.13,1.13
2013.04.09 02:07:05.839,1.55212,1.55246,1.13,1.13
2013.04.09 02:07:15.938,1.5522,1.55253,1.13,1.47
2013.04.09 02:07:16.179,1.55217,1.55254,1.50,1.65
2013.04.09 02:07:16.538,1.55217,1.55254,1.50,1.88
2013.04.09 02:07:21.878,1.55217,1.55254,1.50,1.13
2013.04.09 02:07:21.999,1.55216,1.55254,2.25,1.13
2013.04.09 02:07:22.239,1.55217,1.55254,1.50,1.13
2013.04.09 02:07:22.478,1.55218,1.55254,1.13,1.13
2013.04.09 02:07:22.658,1.55218,1.55254,1.13,1.88
2013.04.09 02:07:24.188,1.55218,1.55254,1.13,1.13
2013.04.09 02:07:25.979,1.55218,1.55252,1.13,1.13
2013.04.09 02:07:33.439,1.55216,1.55255,2.25,1.13
2013.04.09 02:07:33.558,1.55216,1.55255,2.25,1.13
2013.04.09 02:07:33.640,1.55216,1.55255,1.50,1.13
2013.04.09 02:07:34.002,1.5522,1.55255,1.13,1.13
2013.04.09 02:07:34.389,1.5522,1.55255,1.13,1.13
2013.04.09 02:07:34.448,1.5522,1.55256,1.50,1.43
2013.04.09 02:07:35.059,1.5522,1.55256,1.50,1.13
2013.04.09 02:07:35.179,1.5522,1.55256,1.50,1.13
2013.04.09 02:07:36.340,1.5522,1.55254,1.50,1.28
2013.04.09 02:07:40.129,1.5522,1.55252,1.13,1.13
2013.04.09 02:07:40.249,1.55215,1.55249,1.13,1.13
2013.04.09 02:07:44.678,1.55215,1.55248,1.13,1.13
2013.04.09 02:07:56.378,1.55215,1.55253,1.50,1.13
2013.04.09 02:08:03.720,1.55217,1.55249,1.13,1.13
2013.04.09 02:08:04.409,1.55215,1.55249,1.13,1.13
2013.04.09 02:08:04.870,1.55217,1.55249,1.13,1.13
2013.04.09 02:08:07.661,1.55215,1.5525,1.50,1.13
2013.04.09 02:08:11.789,1.55218,1.55252,1.13,1.13
2013.04.09 02:08:12.129,1.55218,1.55252,1.13,1.13
2013.04.09 02:08:12.608,1.55221,1.55252,1.13,1.13
2013.04.09 02:08:13.142,1.55223,1.55252,1.13,1.13
2013.04.09 02:08:13.212,1.55223,1.55252,1.13,1.13
2013.04.09 02:08:14.240,1.55223,1.55257,1.13,1.13
2013.04.09 02:08:14.298,1.55223,1.55257,1.13,1.13
2013.04.09 02:08:20.929,1.55223,1.5526,1.50,1.32
2013.04.09 02:08:21.488,1.55221,1.5526,1.50,1.32
2013.04.09 02:08:22.010,1.5522,1.55256,1.13,1.13
2013.04.09 02:08:22.130,1.5522,1.55256,1.13,1.13
2013.04.09 02:08:22.892,1.5522,1.55256,1.13,1.35
2013.04.09 02:08:23.074,1.5522,1.55253,1.13,1.13
2013.04.09 02:08:23.580,1.5522,1.55253,1.13,1.13
2013.04.09 02:08:24.560,1.5522,1.55256,1.13,1.35
2013.04.09 02:08:25.339,1.5522,1.55256,1.13,1.35
2013.04.09 02:08:25.849,1.5522,1.55256,1.13,1.50
2013.04.09 02:08:26.939,1.5522,1.5525,1.13,1.13
2013.04.09 02:08:31.079,1.55218,1.55254,1.13,1.13
2013.04.09 02:08:31.450,1.55217,1.55254,2.25,1.13
2013.04.09 02:08:31.755,1.55216,1.55254,2.25,1.13
2013.04.09 02:08:34.379,1.5522,1.55256,1.50,1.13
2013.04.09 02:08:39.238,1.5522,1.55256,1.50,1.13
2013.04.09 02:08:39.419,1.5522,1.55256,1.50,1.13
2013.04.09 02:08:39.660,1.55221,1.55255,1.13,1.13
2013.04.09 02:08:44.749,1.55226,1.55261,1.13,1.84
2013.04.09 02:08:44.869,1.55226,1.55261,1.13,1.13
2013.04.09 02:08:45.229,1.55222,1.55261,1.50,1.13
2013.04.09 02:08:45.871,1.55222,1.55261,1.50,1.13
2013.04.09 02:08:46.423,1.55222,1.55257,2.25,1.13
2013.04.09 02:08:56.139,1.5522,1.55254,1.50,2.25
2013.04.09 02:08:56.199,1.55218,1.55253,1.50,1.95
2013.04.09 02:08:56.679,1.55218,1.5525,1.13,2.03
2013.04.09 02:08:57.100,1.55214,1.55253,1.50,1.20
2013.04.09 02:08:57.350,1.55217,1.55254,1.50,1.13
2013.04.09 02:08:57.949,1.55219,1.55254,1.88,1.13
2013.04.09 02:08:59.319,1.55224,1.55258,1.13,1.13
2013.04.09 02:08:59.682,1.55222,1.55258,1.13,1.13
2013.04.09 02:09:00.355,1.55222,1.55258,1.13,1.13
2013.04.09 02:09:00.660,1.55222,1.55258,1.88,1.13
2013.04.09 02:09:05.090,1.55232,1.55263,1.13,1.13
2013.04.09 02:09:05.689,1.55226,1.55263,1.50,1.13
2013.04.09 02:09:06.270,1.55226,1.55259,1.13,1.13
2013.04.09 02:09:10.543,1.55232,1.55261,1.13,1.13
2013.04.09 02:09:11.096,1.55227,1.55258,1.13,1.13
2013.04.09 02:09:16.285,1.55231,1.55264,1.13,1.13
2013.04.09 02:09:21.950,1.55231,1.55265,1.13,1.50
2013.04.09 02:09:26.952,1.55231,1.55264,1.13,1.13
2013.04.09 02:09:29.059,1.55231,1.55264,1.13,1.88
2013.04.09 02:09:29.730,1.55226,1.5526,1.88,1.13
2013.04.09 02:09:30.649,1.55226,1.5526,1.13,1.13
2013.04.09 02:09:30.709,1.55222,1.55258,1.88,1.13
2013.04.09 02:09:31.069,1.55222,1.55258,1.28,1.13
2013.04.09 02:09:31.569,1.55222,1.55258,1.13,1.13
2013.04.09 02:09:35.449,1.55221,1.55256,1.13,1.13
2013.04.09 02:09:35.568,1.55214,1.55249,1.50,1.13
2013.04.09 02:09:35.629,1.55214,1.55249,1.50,1.13
2013.04.09 02:09:35.689,1.55213,1.55249,1.50,1.13
2013.04.09 02:09:35.869,1.55213,1.55249,1.50,1.13
2013.04.09 02:09:36.048,1.55214,1.55249,1.65,1.13
2013.04.09 02:09:36.169,1.55214,1.55249,2.03,1.13
2013.04.09 02:09:36.349,1.55214,1.55249,2.78,1.13
2013.04.09 02:09:36.589,1.55216,1.55249,1.13,1.13
2013.04.09 02:09:37.070,1.55218,1.55255,1.50,1.13
2013.04.09 02:09:40.740,1.55222,1.55259,1.50,1.28
2013.04.09 02:09:40.922,1.5522,1.5526,1.50,1.65
2013.04.09 02:09:41.129,1.55221,1.5526,1.50,1.65
2013.04.09 02:09:41.993,1.55215,1.55256,1.50,1.13
2013.04.09 02:09:42.298,1.55215,1.55256,2.25,1.13
2013.04.09 02:09:45.909,1.55216,1.55254,1.50,1.13
2013.04.09 02:09:46.029,1.5522,1.55254,1.13,1.13
2013.04.09 02:09:46.149,1.55221,1.55254,1.13,1.13
2013.04.09 02:09:54.451,1.55226,1.55259,1.13,1.13
2013.04.09 02:09:54.779,1.55226,1.55259,1.13,1.88
2013.04.09 02:09:55.488,1.55222,1.55255,1.13,1.13
2013.04.09 02:10:15.508,1.55222,1.55259,1.50,1.13
2013.04.09 02:10:22.610,1.5522,1.55258,1.50,1.13
2013.04.09 02:10:27.448,1.55221,1.55258,1.13,1.13
2013.04.09 02:10:31.039,1.55221,1.55258,1.88,1.13
2013.04.09 02:10:35.970,1.5522,1.55257,1.13,1.13
2013.04.09 02:10:41.401,1.55221,1.5526,1.13,1.65
2013.04.09 02:10:45.613,1.55221,1.55257,1.13,1.13
2013.04.09 02:10:46.919,1.55221,1.55259,1.13,1.13
2013.04.09 02:10:48.125,1.55221,1.55259,1.13,1.13
2013.04.09 02:10:50.149,1.55221,1.55258,1.13,1.13
2013.04.09 02:10:53.069,1.55221,1.55258,1.88,1.13
2013.04.09 02:10:57.159,1.55221,1.55258,1.13,1.13
2013.04.09 02:10:58.849,1.55219,1.55256,1.88,1.13
2013.04.09 02:10:59.029,1.55215,1.55256,1.50,1.32
2013.04.09 02:10:59.308,1.55216,1.55256,1.50,1.32
2013.04.09 02:10:59.858,1.55216,1.55256,1.50,1.32
2013.04.09 02:11:01.158,1.55217,1.55254,1.50,1.13
2013.04.09 02:11:01.218,1.55217,1.55254,1.50,1.13
2013.04.09 02:11:01.578,1.5522,1.55254,1.13,1.13
2013.04.09 02:11:01.918,1.5522,1.55254,1.13,1.13
2013.04.09 02:11:02.525,1.5522,1.55251,1.13,1.13
2013.04.09 02:11:03.888,1.55221,1.55255,1.13,1.13
2013.04.09 02:11:04.399,1.55221,1.55255,1.13,1.13
2013.04.09 02:11:04.459,1.55221,1.55255,1.13,1.13
2013.04.09 02:11:04.879,1.55221,1.55255,1.13,1.13
2013.04.09 02:11:16.383,1.55218,1.55253,1.50,1.13
2013.04.09 02:11:16.976,1.55216,1.55253,1.50,1.13
2013.04.09 02:11:19.112,1.55216,1.55253,1.50,1.13
2013.04.09 02:11:19.649,1.55217,1.55253,1.50,1.13
2013.04.09 02:11:22.030,1.55217,1.55253,1.50,1.13
2013.04.09 02:11:23.240,1.55217,1.55253,1.50,1.13
2013.04.09 02:11:23.820,1.55217,1.55249,1.13,1.13
2013.04.09 02:11:25.260,1.55217,1.55251,1.13,1.13
2013.04.09 02:11:37.159,1.55217,1.55253,1.13,1.13
2013.04.09 02:11:44.960,1.55214,1.55251,1.13,1.13
2013.04.09 02:11:49.289,1.55216,1.55251,1.50,1.13
2013.04.09 02:11:49.895,1.55216,1.55251,1.50,1.13
2013.04.09 02:12:04.800,1.55213,1.55249,1.13,1.13
2013.04.09 02:12:04.919,1.55213,1.55248,1.50,1.13
2013.04.09 02:12:04.979,1.55213,1.55248,1.88,1.13
2013.04.09 02:12:05.349,1.55214,1.55248,1.13,1.13
2013.04.09 02:12:09.880,1.55214,1.55247,1.13,1.13
2013.04.09 02:12:10.299,1.55214,1.55246,1.50,1.13
2013.04.09 02:12:10.419,1.55211,1.55246,1.28,1.88
2013.04.09 02:12:10.739,1.55206,1.55246,2.25,1.13
2013.04.09 02:12:10.919,1.5521,1.55246,1.13,1.13
2013.04.09 02:12:13.101,1.55214,1.55245,1.13,1.13
2013.04.09 02:12:16.202,1.55214,1.55247,1.13,1.13
2013.04.09 02:12:21.690,1.55214,1.55245,1.13,1.13
2013.04.09 02:12:21.999,1.55212,1.55245,1.13,1.13
2013.04.09 02:12:22.199,1.55208,1.55245,1.50,1.13
2013.04.09 02:12:47.833,1.55208,1.55243,1.50,1.13
2013.04.09 02:12:52.921,1.55209,1.55242,1.13,1.13
2013.04.09 02:12:53.440,1.55209,1.55242,1.13,1.13
2013.04.09 02:13:01.839,1.55206,1.55242,2.03,1.13
2013.04.09 02:13:09.410,1.55207,1.55242,1.88,1.13
2013.04.09 02:13:09.650,1.55207,1.55242,1.13,1.47
2013.04.09 02:13:10.220,1.55208,1.55242,1.50,1.65
2013.04.09 02:13:11.709,1.55208,1.5524,1.50,1.92
2013.04.09 02:13:11.820,1.55208,1.5524,1.50,1.92
2013.04.09 02:13:15.669,1.55205,1.55233,1.13,1.13
2013.04.09 02:13:16.710,1.55204,1.55233,1.13,1.13
2013.04.09 02:13:16.871,1.55204,1.55235,1.13,1.13
2013.04.09 02:13:18.940,1.55206,1.55235,1.13,1.13
2013.04.09 02:13:19.509,1.55199,1.55234,1.50,1.50
2013.04.09 02:13:32.929,1.55199,1.55232,1.13,1.13
2013.04.09 02:13:33.429,1.55202,1.55232,1.13,1.13
2013.04.09 02:13:37.860,1.55202,1.55234,1.13,1.50
2013.04.09 02:13:45.609,1.55202,1.55234,1.13,1.88
2013.04.09 02:14:04.319,1.55202,1.55234,1.13,1.88
2013.04.09 02:14:13.699,1.55202,1.55234,1.50,1.50
2013.04.09 02:14:18.900,1.55202,1.55231,1.50,1.09
2013.04.09 02:14:19.260,1.55188,1.55228,2.25,1.32
2013.04.09 02:14:19.319,1.55188,1.55228,2.25,1.32
2013.04.09 02:14:19.380,1.55188,1.55228,2.25,1.32
2013.04.09 02:14:19.680,1.55193,1.55226,1.13,1.50
2013.04.09 02:14:20.586,1.55193,1.55226,1.13,1.69
2013.04.09 02:14:20.652,1.5519,1.55227,1.50,1.69
2013.04.09 02:14:21.949,1.5519,1.55227,1.50,1.69
2013.04.09 02:14:23.169,1.5519,1.55227,1.50,1.69
2013.04.09 02:14:34.931,1.5519,1.55225,1.50,1.13
2013.04.09 02:14:35.909,1.55192,1.55225,1.13,1.13
2013.04.09 02:14:36.361,1.55194,1.55228,1.13,1.32
2013.04.09 02:14:38.341,1.55194,1.55228,1.13,1.32
2013.04.09 02:14:40.819,1.55193,1.55225,1.13,1.13
2013.04.09 02:14:45.600,1.55193,1.55225,1.13,1.13
2013.04.09 02:14:45.781,1.55193,1.55225,1.13,1.13
2013.04.09 02:14:45.930,1.55193,1.55225,1.13,1.13
2013.04.09 02:14:55.352,1.55193,1.55223,1.13,1.13
2013.04.09 02:14:55.480,1.55193,1.55223,1.13,1.13
2013.04.09 02:14:58.990,1.55194,1.55223,1.13,1.13
2013.04.09 02:15:00.869,1.55193,1.55227,1.13,1.13
2013.04.09 02:15:19.119,1.55195,1.55225,1.50,1.13
2013.04.09 02:15:19.299,1.55195,1.55225,1.50,1.13
2013.04.09 02:15:19.600,1.5519,1.55225,1.50,1.13
2013.04.09 02:15:20.140,1.5519,1.55225,1.50,1.13
2013.04.09 02:15:20.650,1.5519,1.55225,1.50,1.13
2013.04.09 02:15:21.149,1.5519,1.55225,1.50,1.13
2013.04.09 02:15:22.229,1.5519,1.55224,1.13,1.13
2013.04.09 02:15:23.612,1.5519,1.55224,1.13,1.13
2013.04.09 02:15:23.919,1.55187,1.55221,1.50,1.13
2013.04.09 02:15:24.041,1.55186,1.55221,1.50,1.13
2013.04.09 02:15:24.230,1.55187,1.55221,1.13,1.13
2013.04.09 02:15:26.277,1.55187,1.55218,1.13,1.13
2013.04.09 02:15:26.809,1.55187,1.55218,1.13,1.13
2013.04.09 02:15:27.772,1.55187,1.55218,1.13,1.13
2013.04.09 02:15:37.680,1.55187,1.55222,1.13,1.13
2013.04.09 02:15:37.860,1.55187,1.55222,1.13,1.13
2013.04.09 02:15:37.982,1.55185,1.55222,1.50,1.13
2013.04.09 02:15:38.100,1.55186,1.55222,1.88,1.13
2013.04.09 02:15:39.297,1.55192,1.55223,1.13,1.13
2013.04.09 02:15:39.420,1.55187,1.55223,1.13,1.13
2013.04.09 02:15:40.730,1.55186,1.55223,1.50,1.13
2013.04.09 02:15:41.329,1.55186,1.55223,2.25,1.13
2013.04.09 02:15:42.870,1.55186,1.55223,1.50,1.13
2013.04.09 02:15:47.670,1.55187,1.55223,1.13,1.13
2013.04.09 02:15:47.899,1.55192,1.55224,1.13,1.32
2013.04.09 02:15:49.639,1.55192,1.55223,1.13,1.13
2013.04.09 02:15:53.561,1.55187,1.5522,1.13,1.13
2013.04.09 02:15:56.101,1.55192,1.55223,1.13,1.13
2013.04.09 02:15:57.979,1.55192,1.55221,1.13,1.13
2013.04.09 02:15:59.655,1.55192,1.55223,1.13,1.88
2013.04.09 02:16:00.109,1.55191,1.55223,1.13,1.88
2013.04.09 02:16:00.360,1.55188,1.55219,1.13,1.13
2013.04.09 02:16:01.013,1.55188,1.55219,1.13,1.13
2013.04.09 02:16:01.842,1.5519,1.55219,1.13,1.13
2013.04.09 02:16:02.469,1.5519,1.55221,1.13,1.13
2013.04.09 02:16:04.091,1.55191,1.55224,1.88,1.32
2013.04.09 02:16:04.210,1.55191,1.55221,1.13,1.13
2013.04.09 02:16:04.270,1.5519,1.55221,1.13,1.13
2013.04.09 02:16:04.514,1.55191,1.55224,1.13,1.13
2013.04.09 02:16:04.587,1.55191,1.55224,1.13,1.13
2013.04.09 02:16:04.930,1.55195,1.55221,1.13,1.13
2013.04.09 02:16:05.680,1.55195,1.55221,1.13,1.13
2013.04.09 02:16:07.819,1.55195,1.55221,1.13,1.13
2013.04.09 02:16:08.560,1.55195,1.55224,1.13,1.13
2013.04.09 02:16:08.839,1.55194,1.55224,1.13,1.13
2013.04.09 02:16:08.960,1.55189,1.55227,1.13,1.13
2013.04.09 02:16:09.320,1.55191,1.55227,1.13,1.13
2013.04.09 02:16:14.324,1.55191,1.55225,1.88,1.13
2013.04.09 02:16:15.269,1.55191,1.55225,1.13,1.13
2013.04.09 02:16:19.899,1.55191,1.55225,1.13,1.13
2013.04.09 02:16:22.204,1.55191,1.55226,1.13,1.13
2013.04.09 02:16:23.829,1.55191,1.55226,1.13,1.13
2013.04.09 02:16:26.711,1.55187,1.55228,3.94,1.13
2013.04.09 02:16:27.539,1.55191,1.55228,1.50,1.13
2013.04.09 02:16:32.880,1.55191,1.55224,1.13,1.13
2013.04.09 02:16:43.631,1.55192,1.55224,1.13,1.13
2013.04.09 02:16:46.355,1.55192,1.55229,1.50,1.50
2013.04.09 02:16:46.480,1.55196,1.55229,1.13,2.25
2013.04.09 02:16:46.721,1.55192,1.55229,1.50,1.13
2013.04.09 02:16:47.054,1.55192,1.55229,1.50,1.13
2013.04.09 02:16:47.180,1.55197,1.55229,1.13,1.13
2013.04.09 02:16:47.430,1.55201,1.55234,1.13,1.65
2013.04.09 02:16:47.880,1.55201,1.55236,1.13,2.25
2013.04.09 02:16:48.239,1.55204,1.55238,1.13,1.13
2013.04.09 02:16:50.079,1.55204,1.55238,1.13,1.13
2013.04.09 02:16:51.159,1.55204,1.55238,1.13,1.88
2013.04.09 02:16:51.910,1.55204,1.55238,2.59,1.13
2013.04.09 02:16:51.969,1.55204,1.55243,2.59,1.13
2013.04.09 02:16:53.819,1.55205,1.5524,1.13,1.13
2013.04.09 02:16:54.613,1.55207,1.55239,1.13,1.13
2013.04.09 02:16:55.870,1.55205,1.55239,1.13,1.13
2013.04.09 02:16:56.365,1.55206,1.55239,1.13,1.13
2013.04.09 02:17:06.417,1.55206,1.55239,1.13,1.13
2013.04.09 02:17:07.930,1.55205,1.55241,1.13,1.13
2013.04.09 02:17:14.733,1.55207,1.55242,1.13,2.40
2013.04.09 02:17:21.969,1.55211,1.55242,1.13,1.28
2013.04.09 02:17:22.210,1.55205,1.55235,1.13,1.13
2013.04.09 02:17:22.390,1.55205,1.55235,1.13,1.13
2013.04.09 02:17:22.979,1.55202,1.55235,1.13,1.13
2013.04.09 02:17:27.959,1.55202,1.55241,1.50,1.13
2013.04.09 02:17:37.700,1.55207,1.55238,1.13,1.88
2013.04.09 02:17:37.759,1.55207,1.55239,1.13,1.13
2013.04.09 02:17:38.139,1.55207,1.55239,1.13,1.13
2013.04.09 02:17:44.770,1.55207,1.55238,1.13,1.13
2013.04.09 02:17:50.659,1.55207,1.55241,1.13,1.13
2013.04.09 02:18:00.100,1.55203,1.55241,1.50,1.13
2013.04.09 02:18:00.331,1.55206,1.55241,1.13,1.13
2013.04.09 02:18:04.690,1.5521,1.55243,1.13,1.88
2013.04.09 02:18:05.290,1.55212,1.55247,1.13,1.28
2013.04.09 02:18:05.830,1.55212,1.55249,1.50,1.13
2013.04.09 02:18:05.949,1.55212,1.55249,1.50,1.13
2013.04.09 02:18:07.892,1.55214,1.55249,1.13,1.13
2013.04.09 02:18:15.430,1.55221,1.55252,1.13,1.13
2013.04.09 02:18:15.610,1.55221,1.55254,1.13,1.65
2013.04.09 02:18:15.999,1.55221,1.55254,1.13,1.65
2013.04.09 02:18:24.621,1.55221,1.55254,1.13,1.65
2013.04.09 02:18:26.902,1.55218,1.55253,1.50,1.13
2013.04.09 02:18:32.951,1.55221,1.55254,1.13,1.13
2013.04.09 02:18:33.251,1.55221,1.55254,1.13,1.88
2013.04.09 02:18:49.790,1.55221,1.55254,1.13,1.13
2013.04.09 02:18:50.500,1.55218,1.55253,1.50,1.13
2013.04.09 02:18:50.700,1.55218,1.55253,1.50,1.13
2013.04.09 02:18:51.249,1.55217,1.55248,1.50,1.13
2013.04.09 02:18:51.370,1.55217,1.55248,1.13,1.13
2013.04.09 02:19:30.370,1.55213,1.55252,2.25,1.13
2013.04.09 02:19:40.159,1.55214,1.55249,1.13,1.13
2013.04.09 02:19:45.311,1.55214,1.55249,4.88,1.13
2013.04.09 02:19:45.560,1.55214,1.55249,1.13,1.13
2013.04.09 02:20:24.549,1.55213,1.5525,1.13,1.13
2013.04.09 02:20:30.460,1.55212,1.55253,1.13,1.13
2013.04.09 02:20:32.250,1.55213,1.55252,1.13,1.13
2013.04.09 02:20:33.969,1.55213,1.55254,1.13,1.13
2013.04.09 02:20:35.499,1.55213,1.55253,1.13,1.13
2013.04.09 02:20:38.670,1.55214,1.55249,1.13,1.13
2013.04.09 02:20:41.670,1.55213,1.55247,5.25,1.13
2013.04.09 02:20:42.289,1.55213,1.55247,1.50,1.13
2013.04.09 02:20:47.530,1.55213,1.55247,1.50,1.13
2013.04.09 02:20:48.849,1.55214,1.55251,1.13,1.13
2013.04.09 02:21:13.220,1.55216,1.55251,1.13,1.13
2013.04.09 02:21:14.619,1.55213,1.55246,1.13,1.13
2013.04.09 02:21:17.230,1.55213,1.55248,1.13,1.13
2013.04.09 02:21:54.549,1.55211,1.55247,1.84,1.13
2013.04.09 02:21:56.897,1.55215,1.55245,1.13,1.13
2013.04.09 02:22:43.879,1.55216,1.55252,1.13,1.13
2013.04.09 02:22:46.800,1.55216,1.55253,1.13,1.13
2013.04.09 02:22:51.321,1.55216,1.55252,1.13,1.13
2013.04.09 02:22:56.985,1.55215,1.55255,1.13,1.35
2013.04.09 02:22:57.620,1.55216,1.55252,1.50,1.13
2013.04.09 02:22:58.045,1.55215,1.55252,1.13,1.13
2013.04.09 02:22:59.321,1.55216,1.55252,1.50,1.13
2013.04.09 02:22:59.869,1.55215,1.55252,1.13,1.13
2013.04.09 02:23:06.149,1.55215,1.55252,1.88,1.13
2013.04.09 02:24:22.930,1.55216,1.55251,1.13,1.13
2013.04.09 02:24:23.441,1.55212,1.55247,1.13,1.13
2013.04.09 02:24:29.412,1.55212,1.55249,1.69,1.80
2013.04.09 02:24:29.931,1.55213,1.5525,1.50,1.13
2013.04.09 02:24:44.277,1.55213,1.55252,2.25,1.13
2013.04.09 02:24:44.410,1.55213,1.55252,2.25,1.13
2013.04.09 02:24:44.829,1.55217,1.55252,1.50,1.13
2013.04.09 02:24:44.951,1.55213,1.55252,2.25,1.13
2013.04.09 02:24:45.101,1.55217,1.55252,1.50,1.13
2013.04.09 02:24:45.670,1.55213,1.55252,2.25,1.13
2013.04.09 02:24:46.610,1.55213,1.55252,2.25,1.13
2013.04.09 02:24:55.748,1.55216,1.5525,1.13,1.13
2013.04.09 02:24:56.051,1.55214,1.5525,1.50,1.13
2013.04.09 02:25:01.710,1.55213,1.5525,1.32,1.13
2013.04.09 02:25:02.013,1.55212,1.5525,1.69,1.13
2013.04.09 02:25:12.620,1.55214,1.55251,1.50,1.13
2013.04.09 02:25:13.401,1.55213,1.55251,1.50,2.10
2013.04.09 02:25:19.621,1.55212,1.55247,1.32,1.13
2013.04.09 02:25:29.060,1.55213,1.55249,1.50,1.13
2013.04.09 02:25:36.577,1.55217,1.5525,1.13,1.13
2013.04.09 02:25:36.687,1.55213,1.5525,1.50,1.13
2013.04.09 02:25:45.010,1.55217,1.5525,1.13,1.13
2013.04.09 02:25:50.108,1.5522,1.55253,1.13,1.13
2013.04.09 02:25:50.212,1.5522,1.55253,1.13,1.13
2013.04.09 02:25:51.932,1.55222,1.55253,1.13,1.13
2013.04.09 02:25:52.440,1.55222,1.55253,1.13,1.13
2013.04.09 02:25:56.372,1.55218,1.55251,1.13,1.13
2013.04.09 02:26:06.776,1.55217,1.55251,1.13,1.13
2013.04.09 02:26:11.285,1.55222,1.55253,1.13,1.13
2013.04.09 02:26:11.410,1.55222,1.55253,1.13,1.88
2013.04.09 02:26:12.013,1.55217,1.55249,1.88,1.13
2013.04.09 02:26:12.430,1.55221,1.55254,1.13,1.13
2013.04.09 02:26:15.720,1.55221,1.55254,1.13,1.88
2013.04.09 02:26:16.731,1.55217,1.5525,1.13,1.13
2013.04.09 02:26:24.801,1.5522,1.55254,1.13,1.13
2013.04.09 02:26:25.161,1.55222,1.55257,1.13,1.13
2013.04.09 02:26:26.690,1.55221,1.55257,1.13,1.13
2013.04.09 02:26:27.330,1.55221,1.55257,1.13,1.13
2013.04.09 02:26:31.682,1.55222,1.55255,1.13,1.13
2013.04.09 02:26:40.352,1.55221,1.55255,1.13,1.13
2013.04.09 02:26:48.662,1.55222,1.5526,1.50,1.13
2013.04.09 02:26:49.950,1.55223,1.55259,1.50,1.13
2013.04.09 02:26:50.751,1.5523,1.55264,1.13,1.65
2013.04.09 02:26:51.469,1.55231,1.55264,1.13,1.13
2013.04.09 02:26:52.490,1.55231,1.55265,1.13,1.13
2013.04.09 02:26:55.241,1.55232,1.55269,1.50,1.13
2013.04.09 02:26:55.600,1.55236,1.55273,1.50,1.13
2013.04.09 02:26:55.662,1.55236,1.55274,1.50,1.13
2013.04.09 02:26:56.020,1.55236,1.55273,1.50,1.13
2013.04.09 02:26:56.380,1.55239,1.55273,1.13,1.13
2013.04.09 02:26:56.773,1.55242,1.55273,1.13,1.13
2013.04.09 02:27:01.901,1.55242,1.55273,1.13,1.13
2013.04.09 02:27:10.042,1.55242,1.55275,1.13,1.13
2013.04.09 02:27:15.281,1.55242,1.55275,1.13,1.13
2013.04.09 02:27:22.460,1.55246,1.55278,1.13,2.40
2013.04.09 02:27:25.141,1.55246,1.55278,1.13,1.65
2013.04.09 02:27:29.080,1.55246,1.55278,1.13,1.65
2013.04.09 02:27:32.444,1.55246,1.55277,1.13,1.13
2013.04.09 02:27:34.145,1.55246,1.55278,1.13,2.40
2013.04.09 02:27:37.353,1.55246,1.55278,1.13,2.40
2013.04.09 02:27:43.051,1.55245,1.55274,1.13,1.28
2013.04.09 02:27:43.111,1.55236,1.55274,1.50,1.28
2013.04.09 02:27:43.543,1.55236,1.55265,1.50,1.13
2013.04.09 02:27:44.081,1.55236,1.55265,1.13,1.13
2013.04.09 02:27:44.381,1.55234,1.55265,1.50,1.20
2013.04.09 02:27:44.571,1.55231,1.55269,1.50,1.13
2013.04.09 02:27:44.931,1.55236,1.55269,1.13,1.13
2013.04.09 02:27:46.781,1.55236,1.55269,1.13,1.13
2013.04.09 02:27:47.140,1.55245,1.55275,1.13,1.13
2013.04.09 02:27:48.140,1.55241,1.55274,1.50,1.13
2013.04.09 02:27:49.178,1.55246,1.55275,1.50,1.13
2013.04.09 02:27:50.501,1.55242,1.55273,1.50,1.13
2013.04.09 02:27:52.437,1.55242,1.55275,1.50,1.13
2013.04.09 02:27:54.152,1.55242,1.55273,1.50,1.13
2013.04.09 02:27:56.442,1.55246,1.55276,1.50,1.88
2013.04.09 02:27:56.837,1.55246,1.55276,1.50,1.88
2013.04.09 02:27:57.421,1.55246,1.55276,1.50,1.88
2013.04.09 02:28:07.001,1.55242,1.55273,1.50,1.13
2013.04.09 02:28:12.435,1.55242,1.55273,1.50,1.13
2013.04.09 02:28:14.292,1.55242,1.55273,1.50,1.13
2013.04.09 02:28:18.182,1.55242,1.55273,1.50,1.13
2013.04.09 02:28:22.492,1.55242,1.55273,1.50,1.13
2013.04.09 02:28:23.622,1.55242,1.55274,1.50,1.13
2013.04.09 02:28:23.743,1.55239,1.55274,1.50,1.13
2013.04.09 02:28:23.954,1.55245,1.55276,1.50,1.13
2013.04.09 02:28:24.163,1.55242,1.55274,1.50,1.13
2013.04.09 02:28:25.691,1.55238,1.55274,1.50,1.13
2013.04.09 02:28:25.923,1.55242,1.55274,1.50,1.13
2013.04.09 02:28:27.450,1.55242,1.55274,1.13,1.13
2013.04.09 02:28:29.310,1.55242,1.55273,1.13,1.13
2013.04.09 02:28:31.271,1.55242,1.55273,1.13,1.13
2013.04.09 02:28:32.460,1.55242,1.55275,1.13,1.13
2013.04.09 02:28:38.581,1.55242,1.55278,1.13,1.13
2013.04.09 02:28:40.250,1.55241,1.55274,1.13,1.13
2013.04.09 02:28:42.486,1.55241,1.55274,1.13,1.13
2013.04.09 02:28:44.801,1.55241,1.55274,1.13,1.13
2013.04.09 02:28:44.863,1.55242,1.55276,1.13,1.13
2013.04.09 02:28:47.943,1.55242,1.55273,1.13,1.13
2013.04.09 02:28:49.358,1.55243,1.55276,1.13,1.13
2013.04.09 02:28:49.860,1.55243,1.55275,1.13,1.13
2013.04.09 02:28:51.778,1.55242,1.55273,1.13,1.13
2013.04.09 02:28:59.367,1.55242,1.55273,1.13,1.13
2013.04.09 02:28:59.921,1.55242,1.55273,1.13,1.13
2013.04.09 02:29:04.152,1.55246,1.55279,1.13,1.88
2013.04.09 02:29:10.402,1.55245,1.55274,1.13,1.13
2013.04.09 02:29:14.902,1.55242,1.55273,1.13,1.13
2013.04.09 02:29:14.965,1.55242,1.55273,1.13,1.13
2013.04.09 02:29:15.290,1.55242,1.55273,1.13,1.13
2013.04.09 02:29:15.351,1.55238,1.55273,1.13,1.13
2013.04.09 02:29:15.711,1.55236,1.55269,1.50,1.13
2013.04.09 02:29:15.831,1.55236,1.55269,1.50,1.32
2013.04.09 02:29:16.080,1.55231,1.55267,1.50,1.13
2013.04.09 02:29:16.381,1.5523,1.55267,1.13,1.13
2013.04.09 02:29:16.703,1.55231,1.55267,1.13,1.13
2013.04.09 02:29:20.353,1.55231,1.55264,1.13,1.13
2013.04.09 02:29:21.661,1.55231,1.55264,1.13,1.88
2013.04.09 02:29:22.972,1.55231,1.55264,1.13,1.13
2013.04.09 02:29:23.543,1.55231,1.55264,1.13,1.13
2013.04.09 02:29:23.760,1.55231,1.55264,1.13,1.13
2013.04.09 02:29:25.595,1.55231,1.55264,1.13,1.88
2013.04.09 02:29:30.811,1.55231,1.55264,1.13,1.13
2013.04.09 02:29:34.321,1.55231,1.55264,1.13,1.13
2013.04.09 02:29:34.500,1.55231,1.55264,1.13,1.13
2013.04.09 02:29:34.800,1.55231,1.55264,1.50,1.13
2013.04.09 02:29:35.161,1.55231,1.55264,1.13,1.13
2013.04.09 02:29:35.401,1.55235,1.55268,1.13,1.13
2013.04.09 02:29:35.821,1.55237,1.55268,1.13,1.13
2013.04.09 02:29:46.781,1.55237,1.55268,1.13,1.88
2013.04.09 02:29:48.958,1.55237,1.55268,1.13,1.13
2013.04.09 02:29:53.970,1.55237,1.55269,1.13,1.13
2013.04.09 02:30:09.762,1.55237,1.55268,1.13,1.13
2013.04.09 02:30:14.422,1.55235,1.55267,1.13,1.13
2013.04.09 02:30:15.181,1.55235,1.55267,1.13,1.13
2013.04.09 02:30:19.934,1.55231,1.55268,2.25,1.13
2013.04.09 02:30:26.411,1.55237,1.55268,1.13,1.13
2013.04.09 02:30:26.651,1.55237,1.55274,1.50,1.13
2013.04.09 02:30:27.011,1.55235,1.55274,1.50,1.13
2013.04.09 02:30:27.191,1.55237,1.55274,1.50,1.13
2013.04.09 02:30:28.020,1.55237,1.5527,1.13,1.13
2013.04.09 02:30:33.221,1.55232,1.5527,1.50,1.13
2013.04.09 02:30:35.431,1.55237,1.55272,1.50,1.13
2013.04.09 02:30:35.970,1.55234,1.5527,1.13,1.13
2013.04.09 02:30:44.370,1.55234,1.55268,1.88,1.13
2013.04.09 02:30:44.492,1.55234,1.55266,1.13,1.13
2013.04.09 02:30:44.558,1.55234,1.55268,1.88,1.13
2013.04.09 02:30:44.682,1.55235,1.55272,1.13,1.13
2013.04.09 02:30:51.172,1.55237,1.55272,1.13,1.13
2013.04.09 02:30:54.851,1.55239,1.55274,1.13,1.13
2013.04.09 02:30:57.271,1.55237,1.55274,1.13,1.13
2013.04.09 02:30:58.843,1.55236,1.55274,1.13,1.88
2013.04.09 02:31:03.055,1.55236,1.55272,1.13,1.13
2013.04.09 02:31:04.368,1.55236,1.55272,1.13,1.13
2013.04.09 02:31:05.152,1.55236,1.55268,1.13,1.13
2013.04.09 02:31:06.914,1.55236,1.55272,1.13,1.13
2013.04.09 02:31:07.774,1.55236,1.55268,1.13,1.13
2013.04.09 02:31:15.441,1.55237,1.55273,1.13,1.13
2013.04.09 02:31:16.813,1.55237,1.55274,1.13,1.13
2013.04.09 02:31:35.440,1.55236,1.55273,1.50,1.13
2013.04.09 02:31:36.041,1.55236,1.55271,1.50,1.13
2013.04.09 02:31:36.611,1.55236,1.55271,1.88,1.13
2013.04.09 02:31:44.193,1.55237,1.55273,1.13,1.13
2013.04.09 02:31:46.651,1.55236,1.55271,1.88,1.13
2013.04.09 02:31:50.111,1.55236,1.55273,1.88,1.13
2013.04.09 02:31:50.231,1.55238,1.55273,1.13,1.13
2013.04.09 02:31:50.434,1.55238,1.55277,1.13,3.75
2013.04.09 02:31:50.652,1.55238,1.55274,1.13,1.13
2013.04.09 02:31:50.832,1.55236,1.55273,1.88,1.13
2013.04.09 02:31:51.432,1.55238,1.55274,1.13,1.13
2013.04.09 02:31:51.654,1.55237,1.55273,1.13,1.13
2013.04.09 02:31:53.765,1.55237,1.55273,1.13,1.13
2013.04.09 02:31:54.693,1.55237,1.55275,1.13,1.13
2013.04.09 02:31:56.492,1.55237,1.55275,1.13,1.13
2013.04.09 02:32:08.021,1.55236,1.55275,1.50,1.13
2013.04.09 02:32:08.581,1.55236,1.55275,2.25,1.13
2013.04.09 02:32:12.145,1.55236,1.55274,1.50,1.13
2013.04.09 02:32:12.722,1.55239,1.55274,1.13,1.13
2013.04.09 02:32:15.203,1.55237,1.55273,1.50,1.32
2013.04.09 02:32:16.970,1.55236,1.55273,1.88,1.32
2013.04.09 02:32:17.382,1.55238,1.55275,1.13,1.32
2013.04.09 02:32:17.887,1.55242,1.55275,1.50,1.13
2013.04.09 02:32:18.546,1.55242,1.55275,1.50,1.13
2013.04.09 02:32:22.762,1.55243,1.55278,1.50,1.13
2013.04.09 02:32:23.692,1.55243,1.55278,1.50,1.88
2013.04.09 02:32:27.500,1.55243,1.55279,1.13,1.13
2013.04.09 02:32:29.731,1.55243,1.55278,1.13,1.88
2013.04.09 02:32:32.181,1.55243,1.55278,1.13,1.13
2013.04.09 02:32:32.241,1.55242,1.55276,1.13,1.13
2013.04.09 02:32:32.771,1.55243,1.55279,1.13,1.13
2013.04.09 02:32:34.770,1.55243,1.55279,1.13,1.13
2013.04.09 02:32:38.181,1.55243,1.55279,1.13,1.13
2013.04.09 02:32:40.313,1.55241,1.55276,1.50,1.13
2013.04.09 02:32:43.614,1.55243,1.55279,1.88,1.32
2013.04.09 02:32:49.840,1.55243,1.55279,1.50,1.32
2013.04.09 02:32:56.836,1.55243,1.55279,1.50,1.32
2013.04.09 02:33:02.547,1.55243,1.55279,1.50,1.13
2013.04.09 02:33:10.401,1.55243,1.55279,1.50,1.13
2013.04.09 02:33:11.782,1.55243,1.55279,1.50,1.50
2013.04.09 02:33:16.982,1.55243,1.55279,1.50,1.50
2013.04.09 02:33:19.653,1.55241,1.55277,1.50,1.13
2013.04.09 02:33:28.560,1.55241,1.55277,1.13,1.13
2013.04.09 02:33:29.302,1.55241,1.55278,1.50,1.50
2013.04.09 02:33:31.442,1.55241,1.55277,1.50,1.13
2013.04.09 02:33:34.581,1.55241,1.55277,1.13,1.13
2013.04.09 02:33:38.972,1.55241,1.55278,1.50,1.13
2013.04.09 02:33:42.577,1.55241,1.55276,1.50,1.13
2013.04.09 02:33:44.952,1.55241,1.55278,1.50,1.50
2013.04.09 02:33:45.280,1.55241,1.55276,1.50,1.13
2013.04.09 02:33:49.130,1.55241,1.55277,1.50,1.13
2013.04.09 02:33:50.210,1.55241,1.55276,1.13,1.13
2013.04.09 02:33:51.351,1.55241,1.55276,1.13,1.13
2013.04.09 02:33:58.102,1.55241,1.55275,1.13,1.13
2013.04.09 02:34:02.586,1.55241,1.55274,1.13,1.13
2013.04.09 02:34:04.389,1.55241,1.55275,1.13,1.13
2013.04.09 02:34:05.111,1.55241,1.55275,1.50,1.13
2013.04.09 02:34:08.311,1.55241,1.55274,1.50,1.13
2013.04.09 02:34:11.904,1.55241,1.55274,1.50,1.13
2013.04.09 02:34:13.261,1.55241,1.55274,1.50,1.13
2013.04.09 02:34:17.083,1.55243,1.55276,1.50,1.13
2013.04.09 02:34:17.180,1.55241,1.55274,1.50,1.13
2013.04.09 02:34:17.712,1.55241,1.55274,1.50,1.88
2013.04.09 02:34:18.371,1.55241,1.55274,1.50,1.88
2013.04.09 02:34:19.691,1.55241,1.55274,1.50,1.13
2013.04.09 02:34:22.815,1.55241,1.55274,1.50,1.13
2013.04.09 02:34:23.448,1.55242,1.55273,1.50,1.13
2013.04.09 02:34:23.951,1.55242,1.55274,1.50,1.13
2013.04.09 02:34:32.661,1.55241,1.55273,1.50,1.13
2013.04.09 02:34:34.032,1.55241,1.55277,1.50,1.13
2013.04.09 02:34:34.418,1.55241,1.55274,1.50,1.13
2013.04.09 02:34:35.265,1.55241,1.55276,1.50,1.13
2013.04.09 02:34:36.874,1.5524,1.55278,3.94,1.13
2013.04.09 02:34:37.102,1.5524,1.55276,1.69,1.13
2013.04.09 02:34:39.481,1.55237,1.55277,2.44,1.13
2013.04.09 02:34:39.721,1.55236,1.5527,1.84,1.13
2013.04.09 02:34:44.096,1.55236,1.55268,1.47,1.13
2013.04.09 02:34:48.201,1.55236,1.55269,1.47,1.13
2013.04.09 02:34:53.712,1.55236,1.55268,2.03,1.13
2013.04.09 02:34:55.771,1.55236,1.55269,2.03,1.13
2013.04.09 02:35:01.574,1.55235,1.55268,1.50,1.13
2013.04.09 02:35:11.333,1.55234,1.55268,2.07,1.13
2013.04.09 02:35:11.581,1.55232,1.55266,1.32,1.13
2013.04.09 02:35:11.941,1.55227,1.55263,1.69,1.50
2013.04.09 02:35:12.512,1.55229,1.55263,1.13,1.50
2013.04.09 02:35:17.121,1.55227,1.5526,1.13,1.13
2013.04.09 02:35:24.439,1.55227,1.55258,1.13,1.13
2013.04.09 02:35:25.781,1.55227,1.55259,1.13,1.13
2013.04.09 02:35:27.672,1.55227,1.55258,1.13,1.13
2013.04.09 02:35:33.532,1.5523,1.5526,1.13,1.13
2013.04.09 02:35:34.856,1.55222,1.55257,1.50,1.13
2013.04.09 02:35:35.042,1.55218,1.55249,1.13,1.50
2013.04.09 02:35:35.161,1.55222,1.55253,1.13,1.13
2013.04.09 02:35:35.522,1.55222,1.55253,1.13,1.13
2013.04.09 02:35:36.142,1.55223,1.55253,1.13,1.13
2013.04.09 02:35:36.443,1.55229,1.55258,1.13,1.13
2013.04.09 02:35:36.981,1.55227,1.55258,1.13,1.13
2013.04.09 02:35:37.222,1.55227,1.55258,1.13,1.13
2013.04.09 02:35:37.601,1.55223,1.55256,1.13,1.13
2013.04.09 02:35:40.942,1.55228,1.55256,1.13,1.13
2013.04.09 02:35:45.161,1.55228,1.55257,1.13,1.32
2013.04.09 02:35:45.978,1.55224,1.55254,1.13,1.13
2013.04.09 02:35:46.042,1.55224,1.55254,1.13,1.13
2013.04.09 02:35:51.232,1.55224,1.55254,1.13,1.13
2013.04.09 02:35:59.212,1.55224,1.55248,1.13,2.48
2013.04.09 02:35:59.451,1.55212,1.55248,1.50,2.10
2013.04.09 02:35:59.572,1.55212,1.55248,1.13,2.10
2013.04.09 02:35:59.631,1.55213,1.55248,3.75,2.10
2013.04.09 02:35:59.812,1.55212,1.55248,1.13,2.10
2013.04.09 02:36:00.241,1.55215,1.55248,1.13,2.10
2013.04.09 02:36:27.596,1.55221,1.55252,1.13,1.13
2013.04.09 02:36:29.572,1.55215,1.5525,1.50,1.13
2013.04.09 02:36:37.422,1.55215,1.5525,1.50,1.09
2013.04.09 02:36:37.601,1.5521,1.55241,1.65,1.50
2013.04.09 02:36:37.662,1.5521,1.55241,1.65,1.50
2013.04.09 02:36:37.781,1.55212,1.55246,1.13,1.69
2013.04.09 02:36:37.963,1.55213,1.55244,1.88,1.73
2013.04.09 02:36:38.083,1.55208,1.55242,1.13,1.13
2013.04.09 02:36:38.321,1.5521,1.55242,3.75,1.13
2013.04.09 02:36:39.782,1.55207,1.55242,1.50,1.13
2013.04.09 02:36:46.462,1.55208,1.55245,1.50,1.13
2013.04.09 02:36:46.642,1.55211,1.55245,1.13,1.13
2013.04.09 02:36:49.359,1.55212,1.55247,1.50,2.40
2013.04.09 02:36:50.031,1.55211,1.55247,1.50,2.40
2013.04.09 02:36:50.351,1.55209,1.55247,1.50,2.40
2013.04.09 02:36:51.671,1.5521,1.55246,1.13,1.13
2013.04.09 02:36:51.791,1.55206,1.55243,1.50,1.13
2013.04.09 02:36:51.861,1.55206,1.55243,1.50,1.13
2013.04.09 02:36:52.181,1.55208,1.55243,1.50,1.13
2013.04.09 02:36:57.962,1.55208,1.55242,1.13,1.13
2013.04.09 02:37:00.811,1.55206,1.55241,1.13,1.50
2013.04.09 02:37:00.931,1.55206,1.55238,1.13,2.03
2013.04.09 02:37:01.111,1.55197,1.55236,1.50,1.88
2013.04.09 02:37:01.294,1.55199,1.55236,1.50,1.13
2013.04.09 02:37:01.582,1.55201,1.55236,1.50,1.13
2013.04.09 02:37:02.341,1.55201,1.55234,1.13,1.13
2013.04.09 02:37:02.643,1.55197,1.55233,1.50,1.73
2013.04.09 02:37:17.068,1.55201,1.55231,1.13,1.13
2013.04.09 02:37:17.252,1.55201,1.55234,1.13,1.13
2013.04.09 02:37:17.433,1.55201,1.55238,2.25,1.50
2013.04.09 02:37:17.492,1.55202,1.55238,1.50,1.50
2013.04.09 02:37:17.553,1.55202,1.55242,1.50,1.13
2013.04.09 02:37:17.673,1.55205,1.55242,1.13,1.13
2013.04.09 02:37:18.442,1.5521,1.55242,1.13,1.13
2013.04.09 02:37:18.824,1.5521,1.55242,1.13,1.13
2013.04.09 02:37:18.962,1.55212,1.55242,1.50,1.13
2013.04.09 02:37:19.690,1.55212,1.55246,1.88,1.28
2013.04.09 02:37:21.484,1.55212,1.55246,1.88,1.28
2013.04.09 02:37:21.972,1.55212,1.55246,1.13,1.28
2013.04.09 02:37:22.233,1.55212,1.55246,1.13,1.28
2013.04.09 02:37:22.293,1.55212,1.55246,1.13,1.28
2013.04.09 02:37:24.761,1.55211,1.55245,1.50,1.13
2013.04.09 02:37:24.821,1.55211,1.55245,2.25,1.13
2013.04.09 02:37:25.321,1.55211,1.55245,1.50,1.13
2013.04.09 02:37:25.382,1.55211,1.55245,2.25,1.13
2013.04.09 02:37:26.690,1.55211,1.55245,1.50,1.13
2013.04.09 02:37:28.261,1.5521,1.55248,1.50,1.13
2013.04.09 02:37:28.442,1.55216,1.55248,1.28,1.13
2013.04.09 02:37:28.623,1.55217,1.55252,1.47,1.13
2013.04.09 02:37:28.682,1.55217,1.55254,1.47,1.13
2013.04.09 02:37:28.801,1.55217,1.55252,1.47,1.13
2013.04.09 02:37:29.102,1.55224,1.55257,1.50,1.13
2013.04.09 02:37:29.402,1.55232,1.55267,2.40,1.13
2013.04.09 02:37:29.642,1.55232,1.55267,1.65,1.13
2013.04.09 02:37:29.762,1.55227,1.55259,1.32,1.13
2013.04.09 02:37:30.301,1.55227,1.55258,1.13,1.13
2013.04.09 02:37:30.611,1.55227,1.55258,1.13,1.13
2013.04.09 02:37:31.583,1.55226,1.55258,2.07,1.13
2013.04.09 02:37:31.822,1.55224,1.55258,1.65,1.13
2013.04.09 02:37:38.594,1.55224,1.55257,1.28,1.13
2013.04.09 02:37:42.571,1.55224,1.55257,1.47,1.13
2013.04.09 02:37:46.879,1.55223,1.55257,1.47,1.13
2013.04.09 02:37:49.303,1.55223,1.55257,1.47,1.13
2013.04.09 02:37:49.972,1.55219,1.55258,1.32,1.13
2013.04.09 02:37:51.903,1.55222,1.55258,1.32,1.13
2013.04.09 02:37:52.972,1.5523,1.55263,1.13,1.28
2013.04.09 02:37:54.353,1.55231,1.55269,1.50,1.50
2013.04.09 02:37:55.683,1.55235,1.5527,2.59,1.13
2013.04.09 02:37:57.663,1.55235,1.5527,1.84,1.13
2013.04.09 02:38:01.452,1.55231,1.55269,1.65,1.50
2013.04.09 02:38:01.511,1.55227,1.55263,1.50,1.50
2013.04.09 02:38:01.872,1.55228,1.55262,1.13,1.50
2013.04.09 02:38:02.512,1.55228,1.55263,1.13,1.50
2013.04.09 02:38:04.694,1.55227,1.55259,1.13,1.13
2013.04.09 02:38:05.843,1.55227,1.55258,1.13,1.13
2013.04.09 02:38:05.962,1.55221,1.55256,1.88,1.13
2013.04.09 02:38:06.321,1.55221,1.55254,1.88,1.13
2013.04.09 02:38:06.661,1.55221,1.55255,1.13,1.13
2013.04.09 02:38:07.141,1.55217,1.55256,1.88,1.50
2013.04.09 02:38:07.202,1.55216,1.55253,1.13,1.13
2013.04.09 02:38:08.024,1.55219,1.55255,1.13,1.13
2013.04.09 02:38:10.350,1.5522,1.55255,1.13,1.13
2013.04.09 02:38:11.161,1.55221,1.55254,2.40,1.13
2013.04.09 02:38:17.638,1.55223,1.55255,1.13,1.13
2013.04.09 02:38:18.840,1.55223,1.55255,1.13,1.13
2013.04.09 02:38:18.902,1.55224,1.55258,1.13,1.13
2013.04.09 02:38:19.612,1.55224,1.5526,1.13,1.50
2013.04.09 02:38:21.982,1.55224,1.5526,1.13,1.88
2013.04.09 02:38:22.583,1.55228,1.5526,1.13,1.88
2013.04.09 02:38:23.093,1.55222,1.55257,1.13,1.13
2013.04.09 02:38:36.132,1.55226,1.55261,1.13,1.88
2013.04.09 02:38:40.333,1.55228,1.55261,1.13,1.88
2013.04.09 02:38:41.992,1.55229,1.5526,1.13,1.13
2013.04.09 02:38:42.612,1.55228,1.5526,1.13,1.13
2013.04.09 02:38:43.152,1.55228,1.55265,1.13,1.13
2013.04.09 02:38:47.256,1.55229,1.55266,1.13,2.25
2013.04.09 02:38:49.163,1.55229,1.55265,1.13,1.50
2013.04.09 02:38:50.501,1.55232,1.55265,1.13,1.50
2013.04.09 02:38:50.681,1.55232,1.55267,1.13,1.50
2013.04.09 02:38:53.265,1.55232,1.55267,1.13,1.50
2013.04.09 02:38:57.181,1.5523,1.55265,1.13,1.13
2013.04.09 02:39:01.452,1.5523,1.55263,1.13,1.50
2013.04.09 02:39:02.028,1.55229,1.55263,1.13,1.50
2013.04.09 02:39:04.602,1.55229,1.55263,1.13,1.50
2013.04.09 02:39:04.784,1.55227,1.5526,1.28,1.13
2013.04.09 02:39:05.816,1.55227,1.55259,1.65,1.50
2013.04.09 02:39:05.943,1.55221,1.55255,1.13,1.50
2013.04.09 02:39:06.182,1.55219,1.55255,1.13,1.50
2013.04.09 02:39:06.685,1.55216,1.55251,1.88,1.88
2013.04.09 02:39:06.872,1.55216,1.55251,1.13,1.88
2013.04.09 02:39:11.473,1.55213,1.55248,1.50,1.50
2013.04.09 02:39:12.812,1.55212,1.5525,1.50,1.13
2013.04.09 02:39:17.018,1.55212,1.55248,1.88,1.13
2013.04.09 02:39:20.062,1.55212,1.55248,2.25,1.13
2013.04.09 02:39:26.482,1.55212,1.55252,2.25,1.88
2013.04.09 02:39:28.813,1.55212,1.55248,2.25,1.13
2013.04.09 02:39:33.012,1.55213,1.55248,1.13,1.13
2013.04.09 02:39:36.305,1.55214,1.55248,1.50,1.13
2013.04.09 02:39:36.732,1.55213,1.55247,1.13,1.50
2013.04.09 02:39:42.262,1.55212,1.55244,1.13,1.13
2013.04.09 02:39:47.702,1.55211,1.55248,3.90,1.50
2013.04.09 02:39:51.742,1.55214,1.55248,1.13,1.50
2013.04.09 02:39:52.862,1.55214,1.55248,1.13,1.50
2013.04.09 02:39:56.161,1.55212,1.55248,1.13,1.50
2013.04.09 02:39:57.892,1.55212,1.55248,1.13,1.50
2013.04.09 02:39:58.386,1.55212,1.55248,1.13,1.50
2013.04.09 02:39:59.422,1.55212,1.55248,1.13,1.50
2013.04.09 02:40:07.491,1.55214,1.55251,1.13,1.50
2013.04.09 02:40:07.552,1.55214,1.55251,1.13,1.13
2013.04.09 02:40:07.672,1.55216,1.55251,1.13,1.13
2013.04.09 02:40:08.212,1.55217,1.55251,1.13,1.13
2013.04.09 02:40:10.262,1.55218,1.55251,1.88,1.13
2013.04.09 02:40:14.033,1.55217,1.55254,1.88,1.13
2013.04.09 02:40:15.172,1.55217,1.55254,1.13,1.13
2013.04.09 02:40:16.342,1.55219,1.55258,1.13,1.50
2013.04.09 02:40:16.522,1.55222,1.55258,1.13,1.28
2013.04.09 02:40:16.703,1.55222,1.55254,1.13,1.13
2013.04.09 02:40:19.132,1.55221,1.55254,1.13,1.13
2013.04.09 02:40:20.013,1.55221,1.55254,1.13,1.13
2013.04.09 02:40:20.602,1.55221,1.55254,1.13,1.13
2013.04.09 02:40:21.432,1.55218,1.55254,1.50,1.13
2013.04.09 02:40:21.792,1.55217,1.55254,1.13,1.13
2013.04.09 02:40:24.553,1.5522,1.55256,2.25,1.13
2013.04.09 02:40:25.753,1.55217,1.55252,1.13,1.13
2013.04.09 02:40:30.554,1.55218,1.55253,1.13,1.50
2013.04.09 02:40:31.081,1.55218,1.55253,1.88,1.13
2013.04.09 02:40:32.433,1.55222,1.55256,1.13,1.13
2013.04.09 02:40:35.731,1.55221,1.55255,1.50,1.50
2013.04.09 02:41:01.822,1.55221,1.55253,1.50,1.13
2013.04.09 02:41:03.962,1.55221,1.55255,1.50,1.13
2013.04.09 02:41:05.381,1.55219,1.55257,3.75,1.50
2013.04.09 02:41:06.692,1.55223,1.55259,1.13,1.28
2013.04.09 02:41:06.932,1.55223,1.55259,1.13,2.03
2013.04.09 02:41:07.538,1.55223,1.55259,1.13,1.88
2013.04.09 02:41:10.131,1.55221,1.55259,1.50,2.25
2013.04.09 02:41:12.291,1.55221,1.55256,1.50,1.50
2013.04.09 02:41:20.863,1.55221,1.55255,1.50,1.50
2013.04.09 02:41:25.925,1.55221,1.55254,1.50,1.13
2013.04.09 02:41:29.433,1.55221,1.55258,1.50,1.50
2013.04.09 02:41:29.991,1.5522,1.55258,1.50,1.50
2013.04.09 02:41:35.186,1.55219,1.55256,1.50,1.50
2013.04.09 02:41:42.682,1.55219,1.55253,1.50,1.13
2013.04.09 02:41:52.671,1.55218,1.55253,3.94,1.13
2013.04.09 02:41:53.120,1.55218,1.55255,3.94,1.13
2013.04.09 02:41:55.210,1.5522,1.55253,1.50,1.13
2013.04.09 02:41:55.332,1.5522,1.55255,1.50,1.50
2013.04.09 02:41:55.439,1.5522,1.55259,1.50,1.50
2013.04.09 02:41:56.002,1.55221,1.55258,1.50,1.50
2013.04.09 02:41:58.002,1.55221,1.55258,1.50,2.25
2013.04.09 02:41:59.233,1.55219,1.55255,1.50,1.13
2013.04.09 02:42:02.861,1.55219,1.55253,1.50,1.13
2013.04.09 02:42:09.866,1.55219,1.55254,3.94,1.13
2013.04.09 02:42:19.185,1.55219,1.55257,3.94,1.50
2013.04.09 02:42:24.971,1.55219,1.55258,4.32,2.40
2013.04.09 02:42:25.441,1.55219,1.55258,4.32,2.25
2013.04.09 02:42:30.662,1.55221,1.55255,1.50,1.50
2013.04.09 02:42:30.723,1.55217,1.55251,1.50,1.13
2013.04.09 02:42:31.261,1.55221,1.55253,1.50,1.50
2013.04.09 02:42:31.382,1.55217,1.55251,1.50,1.13
2013.04.09 02:42:32.742,1.55217,1.55251,1.50,1.13
2013.04.09 02:42:34.181,1.55218,1.55254,1.50,2.25
2013.04.09 02:42:43.276,1.55219,1.55254,1.50,1.50
2013.04.09 02:42:44.168,1.5522,1.55254,1.13,1.13
2013.04.09 02:42:46.183,1.5522,1.55254,1.13,1.13
2013.04.09 02:42:46.831,1.5522,1.55254,1.13,1.65
2013.04.09 02:42:50.178,1.55218,1.55253,1.50,1.28
2013.04.09 02:42:52.783,1.55218,1.55253,1.88,1.28
2013.04.09 02:42:58.013,1.55219,1.55253,1.50,1.28
2013.04.09 02:42:59.116,1.55219,1.55253,1.50,1.28
2013.04.09 02:43:05.642,1.55219,1.55253,1.50,1.28
2013.04.09 02:43:21.243,1.55216,1.55251,1.50,1.13
2013.04.09 02:43:50.261,1.55217,1.55253,1.13,1.13
2013.04.09 02:43:54.502,1.55216,1.5525,1.50,1.13
2013.04.09 02:44:00.342,1.55216,1.5525,1.50,1.13
2013.04.09 02:44:03.735,1.55216,1.5525,1.50,1.50
2013.04.09 02:44:06.372,1.55216,1.5525,1.50,1.50
2013.04.09 02:44:10.142,1.55216,1.5525,1.50,1.13
2013.04.09 02:44:18.101,1.55216,1.5525,1.50,1.50
2013.04.09 02:44:21.378,1.55212,1.55256,1.65,2.25
2013.04.09 02:44:21.710,1.55215,1.55256,1.13,2.25
2013.04.09 02:44:26.793,1.55216,1.55256,2.63,1.50
2013.04.09 02:44:27.349,1.55216,1.55256,1.13,1.50
2013.04.09 02:44:29.091,1.55213,1.55256,1.65,1.50
2013.04.09 02:44:32.622,1.55213,1.55256,2.40,1.50
2013.04.09 02:44:33.761,1.55213,1.55255,1.65,1.50
2013.04.09 02:44:34.079,1.55213,1.55251,1.65,1.50
2013.04.09 02:44:37.202,1.55213,1.55251,2.40,1.13
2013.04.09 02:44:42.921,1.55213,1.55251,1.65,1.13
2013.04.09 02:44:43.932,1.55216,1.55251,1.13,1.13
2013.04.09 02:44:58.161,1.55216,1.55253,1.13,1.13
2013.04.09 02:44:59.235,1.55215,1.5525,1.13,1.13
2013.04.09 02:45:02.872,1.55211,1.55249,1.13,1.13
2013.04.09 02:45:07.261,1.55215,1.5525,1.13,1.13
2013.04.09 02:45:08.723,1.55215,1.5525,1.13,1.28
2013.04.09 02:45:08.903,1.55213,1.55249,1.88,1.13
2013.04.09 02:45:09.150,1.55213,1.55252,1.88,1.65
2013.04.09 02:45:09.392,1.55213,1.55249,1.88,1.13
2013.04.09 02:45:09.588,1.55213,1.55249,1.13,1.13
2013.04.09 02:45:10.232,1.55213,1.55249,1.88,1.13
2013.04.09 02:45:11.493,1.55216,1.55249,1.50,1.13
2013.04.09 02:45:16.918,1.55216,1.55249,1.50,1.13
2013.04.09 02:45:17.439,1.55216,1.5525,1.50,1.13
2013.04.09 02:45:18.255,1.55215,1.5525,1.65,1.13
2013.04.09 02:45:21.662,1.55215,1.55249,1.28,1.13
2013.04.09 02:45:25.981,1.55215,1.55249,1.50,1.13
2013.04.09 02:45:26.672,1.55215,1.55253,1.50,1.13
2013.04.09 02:45:27.082,1.55215,1.55254,1.50,1.13
2013.04.09 02:45:28.171,1.55215,1.55254,1.88,1.13
2013.04.09 02:45:28.612,1.55215,1.55252,1.88,1.13
2013.04.09 02:46:28.675,1.55217,1.55254,1.13,1.13
2013.04.09 02:46:30.582,1.55211,1.55254,1.50,1.13
2013.04.09 02:46:30.723,1.55211,1.55256,2.25,1.13
2013.04.09 02:46:41.041,1.55215,1.55256,1.13,1.13
2013.04.09 02:46:41.402,1.55219,1.55259,1.13,1.32
2013.04.09 02:46:48.107,1.55218,1.55261,2.25,1.32
2013.04.09 02:46:48.412,1.55222,1.55259,1.50,1.32
2013.04.09 02:46:48.953,1.55225,1.55259,2.25,1.32
2013.04.09 02:46:49.192,1.55228,1.55265,1.13,1.65
2013.04.09 02:46:49.253,1.55231,1.55267,1.88,1.69
2013.04.09 02:46:49.435,1.55234,1.55269,1.13,1.32
2013.04.09 02:46:49.492,1.55234,1.55269,1.13,1.13
2013.04.09 02:46:50.261,1.55236,1.55269,1.50,1.13
2013.04.09 02:46:50.384,1.55234,1.55269,1.13,1.13
2013.04.09 02:46:50.604,1.55236,1.55269,1.50,1.13
2013.04.09 02:46:50.783,1.55237,1.55274,1.13,2.40
2013.04.09 02:46:51.853,1.55237,1.55272,1.13,1.13
2013.04.09 02:46:53.417,1.55237,1.55273,1.13,1.28
2013.04.09 02:47:09.309,1.55238,1.5527,1.13,1.13
2013.04.09 02:47:17.172,1.55239,1.55273,1.50,1.13
2013.04.09 02:47:17.823,1.55236,1.55272,1.50,1.13
2013.04.09 02:47:18.043,1.55239,1.55274,1.50,1.13
2013.04.09 02:47:18.267,1.55239,1.55273,1.50,1.13
2013.04.09 02:47:18.634,1.55237,1.5527,1.50,1.13
2013.04.09 02:47:19.159,1.55233,1.5527,1.13,1.13
2013.04.09 02:47:19.226,1.55231,1.5527,2.25,1.13
2013.04.09 02:47:19.403,1.55231,1.55262,1.13,1.13
2013.04.09 02:47:19.593,1.5523,1.55262,1.50,1.13
2013.04.09 02:47:25.905,1.55228,1.55267,1.50,1.13
2013.04.09 02:47:26.083,1.5523,1.55269,1.50,1.65
2013.04.09 02:47:26.675,1.55231,1.55269,1.50,2.40
2013.04.09 02:47:26.882,1.5523,1.55269,1.50,2.40
2013.04.09 02:47:27.673,1.55228,1.55267,1.50,1.13
2013.04.09 02:47:33.362,1.55232,1.55267,1.50,1.13
2013.04.09 02:47:33.603,1.55231,1.55267,1.50,1.13
2013.04.09 02:47:35.019,1.55233,1.55267,1.13,1.13
2013.04.09 02:47:35.542,1.55232,1.55267,1.88,1.13
2013.04.09 02:47:35.914,1.55234,1.55267,1.13,1.13
2013.04.09 02:47:36.372,1.55235,1.55267,1.13,1.13
2013.04.09 02:47:37.725,1.55232,1.55267,1.50,1.13
2013.04.09 02:47:38.082,1.55232,1.5527,1.50,1.13
2013.04.09 02:47:38.622,1.55232,1.5527,1.50,1.13
2013.04.09 02:47:38.682,1.55239,1.55274,1.50,1.88
2013.04.09 02:47:38.742,1.55241,1.55275,1.13,1.13
2013.04.09 02:47:39.043,1.55245,1.55284,1.13,1.47
2013.04.09 02:47:40.603,1.55247,1.55284,1.50,1.65
2013.04.09 02:47:40.663,1.55247,1.55284,2.25,1.28
2013.04.09 02:47:42.924,1.55247,1.55283,1.50,1.13
2013.04.09 02:47:43.916,1.55249,1.55283,1.13,1.13
2013.04.09 02:47:47.043,1.55247,1.55282,1.88,1.13
2013.04.09 02:47:47.163,1.55243,1.55278,1.13,1.13
2013.04.09 02:47:47.224,1.55241,1.55278,1.13,1.13
2013.04.09 02:47:47.523,1.55241,1.55274,4.50,1.28
2013.04.09 02:47:50.713,1.55239,1.55274,1.13,1.65
2013.04.09 02:47:51.273,1.55239,1.55274,1.13,1.28
2013.04.09 02:47:54.912,1.55237,1.55274,1.13,1.28
2013.04.09 02:47:58.154,1.55232,1.55274,3.00,1.28
2013.04.09 02:47:59.163,1.55237,1.55274,1.13,1.28
2013.04.09 02:48:03.624,1.55239,1.55274,1.13,1.28
2013.04.09 02:48:07.732,1.55239,1.55274,1.13,1.28
2013.04.09 02:48:11.673,1.55239,1.55274,1.13,2.40
2013.04.09 02:48:13.684,1.55239,1.55273,1.13,1.65
2013.04.09 02:48:14.633,1.55239,1.55271,1.13,1.13
2013.04.09 02:48:17.144,1.55239,1.55275,1.13,2.40
2013.04.09 02:48:17.203,1.55243,1.55278,1.13,2.78
2013.04.09 02:48:17.325,1.55244,1.55278,1.13,1.13
2013.04.09 02:48:17.683,1.55242,1.55277,1.32,1.28
2013.04.09 02:48:18.223,1.55242,1.55278,1.50,1.13
2013.04.09 02:48:18.583,1.55247,1.55278,3.75,1.13
2013.04.09 02:48:19.788,1.55243,1.55278,1.13,1.13
2013.04.09 02:48:20.313,1.55246,1.55278,1.50,1.13
2013.04.09 02:48:20.672,1.55246,1.55278,1.13,1.13
2013.04.09 02:48:21.212,1.55246,1.55282,1.50,1.13
2013.04.09 02:48:21.885,1.55252,1.55282,1.13,1.13
2013.04.09 02:48:25.383,1.55252,1.55287,1.13,1.13
2013.04.09 02:48:25.664,1.55252,1.55289,1.50,1.13
2013.04.09 02:48:33.452,1.55252,1.55287,3.45,1.13
2013.04.09 02:48:33.884,1.55247,1.55282,1.50,1.13
2013.04.09 02:48:34.004,1.5525,1.55282,6.00,1.13
2013.04.09 02:48:34.124,1.55246,1.55282,1.50,1.65
2013.04.09 02:48:36.632,1.55247,1.55282,1.50,1.65
2013.04.09 02:49:00.584,1.55251,1.55283,1.50,1.13
2013.04.09 02:49:01.715,1.55251,1.55283,1.50,1.13
2013.04.09 02:49:04.366,1.55252,1.55287,1.88,1.28
2013.04.09 02:49:04.493,1.55256,1.55288,1.13,1.28
2013.04.09 02:49:06.804,1.55251,1.55289,1.50,2.25
2013.04.09 02:49:07.043,1.55251,1.55289,1.50,2.25
2013.04.09 02:49:07.383,1.5525,1.55289,1.13,2.25
2013.04.09 02:49:14.558,1.55248,1.55287,1.13,1.50
2013.04.09 02:49:15.663,1.55245,1.55285,2.10,1.13
2013.04.09 02:49:15.874,1.55245,1.55284,2.10,1.13
2013.04.09 02:49:16.413,1.55242,1.55283,3.23,1.13
2013.04.09 02:49:16.662,1.55248,1.55285,1.73,1.13
2013.04.09 02:49:17.246,1.55247,1.55286,1.13,1.50
2013.04.09 02:49:18.574,1.55247,1.55286,1.13,1.50
2013.04.09 02:49:19.013,1.55247,1.55283,1.13,1.13
2013.04.09 02:49:19.687,1.55246,1.55283,1.13,1.50
2013.04.09 02:49:21.733,1.55245,1.55283,2.48,2.25
2013.04.09 02:49:21.913,1.55245,1.55279,1.73,1.13
2013.04.09 02:49:22.453,1.55244,1.55283,1.88,1.50
2013.04.09 02:49:23.000,1.55246,1.55284,1.73,1.50
2013.04.09 02:49:24.273,1.55246,1.55284,2.48,1.50
2013.04.09 02:49:25.313,1.55252,1.55284,4.50,1.13
2013.04.09 02:49:25.432,1.55256,1.55289,1.50,1.50
2013.04.09 02:49:25.493,1.5526,1.55289,1.13,1.13
2013.04.09 02:49:25.852,1.55256,1.55289,1.50,1.88
2013.04.09 02:49:25.913,1.55258,1.55293,1.50,1.13
2013.04.09 02:49:27.653,1.55257,1.5529,1.50,1.13
2013.04.09 02:49:27.834,1.55252,1.5529,1.50,1.13
2013.04.09 02:49:28.073,1.55252,1.55284,1.13,1.13
2013.04.09 02:49:29.524,1.55253,1.55289,1.50,1.65
2013.04.09 02:49:30.074,1.55252,1.55289,2.25,1.65
2013.04.09 02:49:32.143,1.55254,1.55293,1.13,1.13
2013.04.09 02:49:32.723,1.55261,1.55298,1.88,2.25
2013.04.09 02:49:33.143,1.55262,1.55298,1.50,1.13
2013.04.09 02:49:33.743,1.55266,1.55299,1.13,1.13
2013.04.09 02:49:33.863,1.55266,1.55302,1.13,1.20
2013.04.09 02:49:34.403,1.55263,1.55299,1.13,1.13
2013.04.09 02:49:35.063,1.55265,1.55299,4.50,1.13
2013.04.09 02:49:35.710,1.55266,1.55299,1.50,1.13
2013.04.09 02:49:35.953,1.55264,1.55299,1.13,1.13
2013.04.09 02:49:36.193,1.55258,1.55295,1.65,1.13
2013.04.09 02:49:37.063,1.55258,1.55293,1.28,1.13
2013.04.09 02:49:40.413,1.55262,1.55297,1.13,1.13
2013.04.09 02:49:40.473,1.55263,1.55298,1.13,1.13
2013.04.09 02:49:42.573,1.55266,1.55303,1.32,1.65
2013.04.09 02:49:42.693,1.55266,1.55303,1.13,1.65
2013.04.09 02:49:43.833,1.55265,1.55304,1.65,1.13
2013.04.09 02:49:44.323,1.55267,1.55302,1.13,1.13
2013.04.09 02:49:45.133,1.5527,1.55306,1.13,1.13
2013.04.09 02:49:45.374,1.5527,1.55306,1.13,1.13
2013.04.09 02:49:45.927,1.5527,1.55305,1.13,1.13
2013.04.09 02:49:46.403,1.5527,1.55306,1.13,1.13
2013.04.09 02:49:47.574,1.55267,1.55306,1.13,1.13
2013.04.09 02:49:48.643,1.55269,1.55306,1.13,1.13
2013.04.09 02:49:48.943,1.55271,1.55309,1.13,1.50
2013.04.09 02:49:49.003,1.55271,1.55309,1.13,1.88
2013.04.09 02:49:49.124,1.55271,1.55309,1.13,1.13
2013.04.09 02:49:49.363,1.55277,1.55318,1.13,1.88
2013.04.09 02:49:49.485,1.55284,1.55319,1.13,1.65
2013.04.09 02:49:49.703,1.55282,1.55319,1.13,1.65
2013.04.09 02:49:50.263,1.5528,1.55314,1.50,1.35
2013.04.09 02:49:50.383,1.55277,1.55313,1.88,1.13
2013.04.09 02:49:50.922,1.55277,1.55311,1.13,2.03
2013.04.09 02:49:51.465,1.55277,1.55308,1.13,1.13
2013.04.09 02:49:52.405,1.55273,1.5531,1.13,1.13
2013.04.09 02:49:52.523,1.55273,1.55309,1.13,1.13
2013.04.09 02:49:52.823,1.55273,1.5531,1.13,1.13
2013.04.09 02:49:53.476,1.55273,1.55308,1.13,1.13
2013.04.09 02:49:54.048,1.55273,1.55308,1.13,1.13
2013.04.09 02:49:55.466,1.55273,1.55308,1.13,1.13
2013.04.09 02:49:56.692,1.55273,1.55308,1.13,1.13
2013.04.09 02:49:57.953,1.55272,1.55308,1.13,1.50
2013.04.09 02:50:00.642,1.55269,1.55308,1.13,1.50
2013.04.09 02:50:00.702,1.55269,1.55308,1.13,1.50
2013.04.09 02:50:01.063,1.55266,1.55305,1.50,1.50
2013.04.09 02:50:02.433,1.55266,1.55306,1.50,1.50
2013.04.09 02:50:04.743,1.55266,1.55304,1.50,1.50
2013.04.09 02:50:04.992,1.55266,1.55301,1.28,1.65
2013.04.09 02:50:05.173,1.55266,1.553,1.28,1.13
2013.04.09 02:50:05.412,1.55265,1.55299,1.28,1.50
2013.04.09 02:50:06.492,1.55264,1.55293,1.28,1.13
2013.04.09 02:50:06.793,1.55266,1.55298,1.28,1.13
2013.04.09 02:50:06.974,1.55266,1.553,1.28,1.50
2013.04.09 02:50:07.212,1.55266,1.55304,1.28,1.50
2013.04.09 02:50:07.272,1.55266,1.55304,1.28,1.50
2013.04.09 02:50:10.257,1.55271,1.55304,1.28,1.13
2013.04.09 02:50:10.803,1.55271,1.55304,1.28,1.50
2013.04.09 02:50:10.863,1.55273,1.55311,1.13,1.13
2013.04.09 02:50:11.044,1.55279,1.55314,1.28,2.25
2013.04.09 02:50:12.075,1.55278,1.5531,1.28,1.13
2013.04.09 02:50:12.583,1.55277,1.55309,1.28,1.13
2013.04.09 02:50:15.003,1.55279,1.55313,1.28,2.25
2013.04.09 02:50:15.542,1.55279,1.55313,1.28,1.88
2013.04.09 02:50:16.163,1.55279,1.55313,1.28,1.13
2013.04.09 02:50:17.912,1.55278,1.55313,1.28,1.88
2013.04.09 02:50:18.317,1.55278,1.55314,1.28,1.13
2013.04.09 02:50:20.513,1.55278,1.55313,2.03,1.50
2013.04.09 02:50:20.813,1.55279,1.55311,1.28,1.28
2013.04.09 02:50:21.193,1.55277,1.5531,1.13,1.13
2013.04.09 02:50:21.505,1.55277,1.5531,1.13,2.63
2013.04.09 02:50:23.393,1.55275,1.55308,1.50,1.88
2013.04.09 02:50:24.082,1.55272,1.55307,1.28,2.63
2013.04.09 02:50:28.335,1.55271,1.55305,1.28,1.13
2013.04.09 02:50:28.484,1.55272,1.55311,1.73,1.50
2013.04.09 02:50:28.663,1.55271,1.55309,1.28,1.13
2013.04.09 02:50:32.986,1.55272,1.55309,1.28,2.25
2013.04.09 02:50:39.613,1.55272,1.55306,1.28,1.13
2013.04.09 02:50:43.004,1.5527,1.55307,1.13,1.50
2013.04.09 02:50:45.124,1.55268,1.55309,1.13,3.00
2013.04.09 02:50:47.936,1.55267,1.55306,2.78,1.13
2013.04.09 02:50:52.192,1.55269,1.55307,1.50,1.50
2013.04.09 02:50:53.772,1.55269,1.55306,1.50,1.50
2013.04.09 02:50:58.083,1.55269,1.55308,1.50,1.50
2013.04.09 02:51:02.813,1.55269,1.55304,1.50,1.13
2013.04.09 02:51:03.964,1.5527,1.55309,1.13,2.25
2013.04.09 02:51:08.603,1.55269,1.55308,1.13,1.50
2013.04.09 02:51:12.180,1.55267,1.55305,2.03,1.13
2013.04.09 02:51:13.284,1.55267,1.55306,2.40,1.50
2013.04.09 02:51:16.852,1.55267,1.55305,1.50,1.13
2013.04.09 02:51:22.244,1.55267,1.55306,1.13,1.13
2013.04.09 02:51:24.492,1.55267,1.55306,1.13,1.50
2013.04.09 02:51:25.288,1.55266,1.55304,1.50,1.50
2013.04.09 02:51:26.762,1.55266,1.55303,1.50,1.50
2013.04.09 02:51:28.704,1.55264,1.55303,2.10,1.50
2013.04.09 02:51:32.568,1.55266,1.55307,1.13,2.63
2013.04.09 02:51:34.262,1.5527,1.55307,3.00,2.25
2013.04.09 02:51:37.323,1.55271,1.55307,6.75,2.25
2013.04.09 02:51:43.163,1.55271,1.55304,4.50,1.50
2013.04.09 02:51:43.842,1.55272,1.55304,6.75,1.50
2013.04.09 02:51:45.612,1.55272,1.55304,7.50,1.13
2013.04.09 02:51:45.912,1.55274,1.55307,1.28,1.13
2013.04.09 02:51:46.272,1.55273,1.55314,9.38,2.25
2013.04.09 02:51:46.514,1.55273,1.55314,9.38,2.25
2013.04.09 02:51:46.684,1.55274,1.55313,8.03,1.50
2013.04.09 02:52:00.763,1.55275,1.55314,1.13,1.50
2013.04.09 02:52:00.883,1.55275,1.55314,1.13,1.50
2013.04.09 02:52:04.245,1.55276,1.55314,1.13,1.50
2013.04.09 02:52:05.791,1.55279,1.55314,1.28,1.50
2013.04.09 02:52:09.152,1.55279,1.55313,1.28,2.25
2013.04.09 02:52:24.183,1.55279,1.55313,1.28,1.50
2013.04.09 02:52:25.923,1.55275,1.55314,1.65,2.25
2013.04.09 02:52:27.768,1.55275,1.55314,1.28,3.00
2013.04.09 02:52:38.762,1.55276,1.55312,1.28,1.50
2013.04.09 02:52:39.843,1.55276,1.55314,1.28,2.25
2013.04.09 02:52:44.654,1.55276,1.5531,1.28,1.13
2013.04.09 02:52:46.173,1.55277,1.5531,1.65,1.13
2013.04.09 02:52:47.793,1.55277,1.5531,2.40,1.13
2013.04.09 02:52:51.723,1.55277,1.55309,1.28,1.13
2013.04.09 02:52:53.846,1.55276,1.55313,2.03,2.25
2013.04.09 02:52:54.143,1.55276,1.55309,1.28,1.50
2013.04.09 02:52:54.617,1.55276,1.55309,1.28,1.50
2013.04.09 02:52:57.892,1.55276,1.55309,2.03,1.88
2013.04.09 02:53:00.064,1.55272,1.55309,4.13,1.50
2013.04.09 02:53:00.943,1.55272,1.5531,4.13,1.13
2013.04.09 02:53:01.573,1.55272,1.55313,2.10,1.13
2013.04.09 02:53:03.368,1.55276,1.55309,1.13,1.13
2013.04.09 02:53:04.123,1.55276,1.55313,1.13,2.25
2013.04.09 02:53:06.344,1.55276,1.55313,1.13,2.25
2013.04.09 02:53:06.464,1.55276,1.5531,1.13,1.13
2013.04.09 02:53:06.766,1.55274,1.55309,1.13,1.50
2013.04.09 02:53:07.313,1.55271,1.55304,3.75,1.13
2013.04.09 02:53:07.674,1.55271,1.55308,3.75,2.25
2013.04.09 02:53:09.102,1.55269,1.55304,4.13,1.50
2013.04.09 02:53:09.223,1.55269,1.55303,3.75,1.50
2013.04.09 02:53:09.523,1.55269,1.55303,3.75,1.50
2013.04.09 02:53:09.644,1.55269,1.55303,3.75,2.25
2013.04.09 02:53:10.123,1.55268,1.55302,3.00,1.88
2013.04.09 02:53:10.184,1.55268,1.55297,3.00,1.13
2013.04.09 02:53:10.364,1.55262,1.55297,2.25,1.13
2013.04.09 02:53:10.663,1.55261,1.55299,7.50,2.25
2013.04.09 02:53:10.845,1.55262,1.55297,7.50,1.13
2013.04.09 02:53:11.204,1.55261,1.55293,7.50,1.13
2013.04.09 02:53:12.564,1.55256,1.55291,1.88,1.65
2013.04.09 02:53:12.864,1.55255,1.5529,1.50,1.13
2013.04.09 02:53:12.924,1.55255,1.55287,1.50,1.13
2013.04.09 02:53:13.413,1.55255,1.55287,1.50,1.13
2013.04.09 02:53:14.353,1.55248,1.55286,7.50,1.50
2013.04.09 02:53:14.556,1.55248,1.55286,7.50,1.50
2013.04.09 02:53:14.683,1.55248,1.55286,7.50,1.50
2013.04.09 02:53:14.924,1.55248,1.55286,7.50,1.50
2013.04.09 02:53:15.344,1.55249,1.55288,1.13,1.50
2013.04.09 02:53:16.224,1.55249,1.55288,7.88,1.50
2013.04.09 02:53:16.603,1.55249,1.55288,7.88,1.50
2013.04.09 02:53:16.853,1.55249,1.55286,7.50,1.50
2013.04.09 02:53:19.383,1.55252,1.55286,3.75,1.50
2013.04.09 02:53:19.713,1.55254,1.5529,1.28,1.13
2013.04.09 02:53:19.835,1.55257,1.55292,4.50,1.50
2013.04.09 02:53:20.133,1.55258,1.55297,1.13,1.13
2013.04.09 02:53:20.194,1.55261,1.55297,1.50,1.13
2013.04.09 02:53:20.252,1.55261,1.55297,1.50,1.13
2013.04.09 02:53:20.373,1.55263,1.55302,1.13,1.50
2013.04.09 02:53:20.974,1.55263,1.55302,1.13,1.13
2013.04.09 02:53:22.914,1.55263,1.55298,1.13,1.50
2013.04.09 02:53:23.443,1.55262,1.55298,2.40,1.50
2013.04.09 02:53:26.553,1.55265,1.55298,1.13,1.13
2013.04.09 02:53:33.273,1.55267,1.55299,1.13,1.13
2013.04.09 02:53:34.304,1.55269,1.55303,1.13,1.13
2013.04.09 02:53:34.543,1.55264,1.55303,2.70,2.25
2013.04.09 02:53:34.903,1.55271,1.55308,1.28,3.00
2013.04.09 02:53:35.083,1.5527,1.55308,1.28,1.88
2013.04.09 02:53:35.143,1.5527,1.55308,1.28,1.13
2013.04.09 02:53:35.203,1.55275,1.55313,1.13,1.88
2013.04.09 02:53:35.502,1.55275,1.55313,1.13,2.25
2013.04.09 02:53:38.187,1.55275,1.55313,1.13,2.25
2013.04.09 02:53:40.133,1.55273,1.55312,1.13,1.50
2013.04.09 02:53:44.174,1.55273,1.5531,1.13,1.88
2013.04.09 02:53:45.425,1.55273,1.5531,1.13,1.50
2013.04.09 02:53:47.134,1.55273,1.5531,1.13,2.63
2013.04.09 02:53:48.354,1.55273,1.5531,1.13,1.50
2013.04.09 02:53:49.347,1.55273,1.55311,1.13,1.13
2013.04.09 02:53:49.883,1.55273,1.5531,1.13,1.13
2013.04.09 02:53:51.273,1.55274,1.55311,1.13,1.13
2013.04.09 02:53:52.583,1.55273,1.5531,2.10,1.13
2013.04.09 02:53:53.563,1.55273,1.5531,1.73,1.13
2013.04.09 02:53:55.643,1.55272,1.55311,2.70,3.38
2013.04.09 02:54:01.723,1.55272,1.55307,1.73,1.50
2013.04.09 02:54:05.823,1.55272,1.55308,3.75,1.50
2013.04.09 02:54:15.234,1.55272,1.5531,3.75,1.50
2013.04.09 02:54:19.705,1.55271,1.55304,4.28,1.50
2013.04.09 02:54:19.764,1.55271,1.55304,4.28,1.50
2013.04.09 02:54:21.195,1.55271,1.55305,4.28,1.50
2013.04.09 02:54:25.974,1.55271,1.55307,1.28,1.50
2013.04.09 02:54:29.154,1.55271,1.55308,4.65,1.50
2013.04.09 02:54:30.023,1.55271,1.5531,4.65,1.50
2013.04.09 02:54:31.423,1.55271,1.55304,4.65,1.13
2013.04.09 02:54:37.757,1.55272,1.55307,3.94,1.88
2013.04.09 02:54:44.492,1.55275,1.55307,4.50,1.13
2013.04.09 02:54:45.753,1.55274,1.55309,3.75,1.13
2013.04.09 02:54:47.664,1.55274,1.55309,3.75,2.25
2013.04.09 02:54:48.083,1.55274,1.55309,1.13,1.13
2013.04.09 02:54:48.143,1.55274,1.55313,1.13,1.50
2013.04.09 02:54:48.203,1.55274,1.55313,1.13,1.13
2013.04.09 02:54:57.884,1.55276,1.55308,1.73,1.13
2013.04.09 02:54:58.423,1.55273,1.55307,1.13,1.35
2013.04.09 02:54:59.018,1.55271,1.55304,1.50,1.13
2013.04.09 02:54:59.083,1.55269,1.55304,1.28,1.50
2013.04.09 02:55:01.743,1.55268,1.55301,1.65,1.13
2013.04.09 02:55:08.041,1.55267,1.553,1.13,1.13
2013.04.09 02:55:08.704,1.55267,1.553,1.13,1.13
2013.04.09 02:55:17.772,1.55267,1.553,1.13,1.13
2013.04.09 02:55:18.903,1.55267,1.55304,1.13,1.50
2013.04.09 02:55:20.272,1.55267,1.553,1.13,1.13
2013.04.09 02:55:20.963,1.55265,1.55304,1.13,2.25
2013.04.09 02:55:22.503,1.55264,1.55304,3.08,1.50
2013.04.09 02:55:23.413,1.55266,1.55307,2.10,2.25
2013.04.09 02:55:23.533,1.55272,1.55309,1.13,2.40
2013.04.09 02:55:24.043,1.55272,1.55308,1.13,1.13
2013.04.09 02:55:27.934,1.55274,1.55308,1.13,1.13
2013.04.09 02:55:28.624,1.55274,1.55312,1.13,1.50
2013.04.09 02:55:28.864,1.55273,1.55309,1.13,1.50
2013.04.09 02:55:29.043,1.55273,1.55312,1.13,2.25
2013.04.09 02:55:37.114,1.55273,1.55308,1.13,1.13
2013.04.09 02:55:37.294,1.55273,1.55307,1.13,1.13
2013.04.09 02:55:37.713,1.55273,1.55307,1.13,1.13
2013.04.09 02:55:47.404,1.55271,1.55307,1.13,1.13
2013.04.09 02:55:47.583,1.55271,1.55303,1.13,1.13
2013.04.09 02:55:48.105,1.55271,1.55307,1.13,1.13
2013.04.09 02:55:49.253,1.55271,1.55307,1.13,1.13
2013.04.09 02:55:49.985,1.55271,1.55306,1.13,1.13
2013.04.09 02:55:52.733,1.55269,1.55303,1.13,1.13
2013.04.09 02:55:53.643,1.55267,1.55303,1.13,2.25
2013.04.09 02:55:58.053,1.55268,1.55303,1.13,2.25
2013.04.09 02:55:58.444,1.55268,1.55303,1.13,1.50
2013.04.09 02:55:59.472,1.55269,1.55307,1.13,1.50
2013.04.09 02:55:59.964,1.55269,1.55304,1.13,1.50
2013.04.09 02:56:01.023,1.55269,1.55306,1.13,1.50
2013.04.09 02:56:01.714,1.55269,1.55308,1.28,3.00
2013.04.09 02:56:02.034,1.55269,1.55305,1.28,1.50
2013.04.09 02:56:02.524,1.55269,1.55303,1.28,1.13
2013.04.09 02:56:05.763,1.55267,1.55303,1.13,1.13
2013.04.09 02:56:06.124,1.55265,1.55299,1.13,1.13
2013.04.09 02:56:06.424,1.55262,1.55298,1.73,1.50
2013.04.09 02:56:06.483,1.55262,1.55293,1.73,1.13
2013.04.09 02:56:06.663,1.55261,1.55298,1.73,2.63
2013.04.09 02:56:06.783,1.5526,1.55298,1.13,2.63
2013.04.09 02:56:07.083,1.5526,1.55295,1.13,1.88
2013.04.09 02:56:07.203,1.5526,1.55294,1.13,1.13
2013.04.09 02:56:07.843,1.55257,1.55289,1.13,1.13
2013.04.09 02:56:08.024,1.55256,1.55289,1.50,1.13
2013.04.09 02:56:08.334,1.55254,1.55288,1.13,1.13
2013.04.09 02:56:09.374,1.5525,1.55288,1.73,1.50
2013.04.09 02:56:09.623,1.55249,1.55283,1.88,1.13
2013.04.09 02:56:09.744,1.55249,1.55283,1.50,1.13
2013.04.09 02:56:10.073,1.55249,1.55283,1.50,1.50
2013.04.09 02:56:12.375,1.55247,1.55286,1.13,1.50
2013.04.09 02:56:12.703,1.55252,1.55286,1.73,1.50
2013.04.09 02:56:12.884,1.55252,1.55286,1.73,1.50
2013.04.09 02:56:14.186,1.5525,1.55286,2.10,1.13
2013.04.09 02:56:14.254,1.5525,1.55284,2.10,1.13
2013.04.09 02:56:14.635,1.5525,1.55288,2.10,1.50
2013.04.09 02:56:14.695,1.5525,1.55284,2.10,1.13
2013.04.09 02:56:15.144,1.55252,1.55289,1.73,1.50
2013.04.09 02:56:15.676,1.55252,1.55289,1.73,1.50
2013.04.09 02:56:16.199,1.55252,1.55288,1.73,1.50
2013.04.09 02:56:16.539,1.55253,1.55288,1.13,1.13
2013.04.09 02:56:16.664,1.55253,1.55288,1.13,1.13
2013.04.09 02:56:16.793,1.55253,1.55289,1.65,1.13
2013.04.09 02:56:17.694,1.55255,1.55292,1.50,1.50
2013.04.09 02:56:19.749,1.55256,1.55289,1.13,1.13
2013.04.09 02:56:20.145,1.55259,1.55292,1.13,1.13
2013.04.09 02:56:22.316,1.55259,1.55294,1.13,1.50
2013.04.09 02:56:22.633,1.55255,1.55293,1.50,1.50
2013.04.09 02:56:23.703,1.55254,1.55288,1.50,1.13
2013.04.09 02:56:23.814,1.55254,1.55293,1.50,1.50
2013.04.09 02:56:24.978,1.55255,1.55293,1.13,1.50
2013.04.09 02:56:25.694,1.55255,1.55288,1.13,1.13
2013.04.09 02:56:26.134,1.55255,1.55293,1.13,1.50
2013.04.09 02:56:27.948,1.55258,1.55293,1.73,2.25
2013.04.09 02:56:28.103,1.55258,1.55293,1.73,1.50
2013.04.09 02:56:37.675,1.55256,1.55293,1.73,2.25
2013.04.09 02:56:40.583,1.55256,1.55293,1.13,2.25
2013.04.09 02:56:41.866,1.55256,1.55288,1.13,1.13
2013.04.09 02:56:42.364,1.55253,1.55288,1.50,1.50
2013.04.09 02:56:42.424,1.55249,1.55283,1.13,1.13
2013.04.09 02:56:42.603,1.55247,1.55283,1.13,1.13
2013.04.09 02:56:43.127,1.55247,1.55283,1.13,1.50
2013.04.09 02:56:43.265,1.55247,1.55283,1.13,1.50
2013.04.09 02:56:44.007,1.55247,1.55286,1.13,1.50
2013.04.09 02:56:44.343,1.55247,1.55286,1.13,2.25
2013.04.09 02:56:45.634,1.55247,1.55284,1.13,1.50
2013.04.09 02:56:47.953,1.55246,1.55284,1.13,1.50
2013.04.09 02:56:48.214,1.55246,1.55284,1.88,1.13
2013.04.09 02:56:51.016,1.55247,1.55284,1.13,1.13
2013.04.09 02:56:52.680,1.55247,1.55284,1.88,1.13
2013.04.09 02:56:54.572,1.55251,1.55286,1.13,1.13
2013.04.09 02:56:58.394,1.55251,1.55286,1.13,1.13
2013.04.09 02:56:58.454,1.55251,1.55286,1.13,1.13
2013.04.09 02:56:58.694,1.55251,1.55289,1.13,1.50
2013.04.09 02:56:59.019,1.55251,1.55289,1.13,1.50
2013.04.09 02:57:05.984,1.55253,1.55289,1.50,1.50
2013.04.09 02:57:06.494,1.55253,1.55288,1.50,1.50
2013.04.09 02:57:06.704,1.55252,1.55283,1.50,1.50
2013.04.09 02:57:06.885,1.55252,1.55286,1.50,1.50
2013.04.09 02:57:07.244,1.55251,1.55288,1.13,2.25
2013.04.09 02:57:07.545,1.55251,1.55284,1.13,1.13
2013.04.09 02:57:07.894,1.55251,1.55284,1.13,1.13
2013.04.09 02:57:10.854,1.55248,1.55285,1.13,1.50
2013.04.09 02:57:12.736,1.5525,1.55285,1.13,1.50
2013.04.09 02:57:16.264,1.55252,1.55287,1.73,1.50
2013.04.09 02:57:17.596,1.55251,1.55287,1.73,1.50
2013.04.09 02:57:18.644,1.55253,1.55289,1.13,1.13
2013.04.09 02:57:20.003,1.55255,1.55289,1.13,1.13
2013.04.09 02:57:22.065,1.55254,1.55289,1.13,1.50
2013.04.09 02:57:23.573,1.55253,1.55288,1.13,1.13
2013.04.09 02:57:24.684,1.55249,1.55287,1.13,1.50
2013.04.09 02:57:26.696,1.55246,1.55285,1.13,1.50
2013.04.09 02:57:26.814,1.55246,1.55285,1.13,1.50
2013.04.09 02:57:26.994,1.55246,1.55285,1.13,1.50
2013.04.09 02:57:27.651,1.55246,1.55285,1.13,1.50
2013.04.09 02:57:46.095,1.55246,1.55283,1.13,1.50
2013.04.09 02:57:46.334,1.55245,1.55282,1.13,1.50
2013.04.09 02:57:46.693,1.55245,1.55276,1.13,1.28
2013.04.09 02:57:48.374,1.55237,1.55275,1.13,1.50
2013.04.09 02:57:48.433,1.55237,1.55275,1.13,1.65
2013.04.09 02:57:48.494,1.55237,1.55272,1.13,1.13
2013.04.09 02:57:48.844,1.55231,1.55267,1.13,1.28
2013.04.09 02:57:49.214,1.55231,1.55268,1.13,1.65
2013.04.09 02:57:49.594,1.55231,1.55268,1.13,1.50
2013.04.09 02:57:51.415,1.55231,1.55264,1.13,1.13
2013.04.09 02:57:58.564,1.55228,1.55264,1.13,1.50
2013.04.09 02:57:59.238,1.55222,1.55259,1.13,1.88
2013.04.09 02:57:59.305,1.55221,1.55257,1.13,1.13
2013.04.09 02:58:00.475,1.55221,1.55254,1.13,1.13
2013.04.09 02:58:01.714,1.55219,1.55253,1.13,1.13
2013.04.09 02:58:02.285,1.55212,1.55253,1.88,2.25
2013.04.09 02:58:08.676,1.55215,1.55253,1.13,1.50
2013.04.09 02:58:08.734,1.55224,1.55253,1.13,1.13
2013.04.09 02:58:09.094,1.55224,1.55259,1.13,1.13
2013.04.09 02:58:09.154,1.55224,1.55261,1.13,1.65
2013.04.09 02:58:09.214,1.55228,1.55262,1.13,1.28
2013.04.09 02:58:09.739,1.55228,1.55262,1.13,1.13
2013.04.09 02:58:10.667,1.55228,1.55262,1.13,1.13
2013.04.09 02:58:12.414,1.55224,1.55259,1.13,1.13
2013.04.09 02:58:12.480,1.55219,1.55256,1.13,1.13
2013.04.09 02:58:13.035,1.55217,1.55252,1.50,1.13
2013.04.09 02:58:13.594,1.55217,1.55252,1.50,1.13
2013.04.09 02:58:14.411,1.55218,1.55248,2.25,1.13
2013.04.09 02:58:14.993,1.55215,1.55249,2.40,1.13
2013.04.09 02:58:24.990,1.55217,1.55253,1.13,1.13
2013.04.09 02:58:25.294,1.55217,1.55249,1.13,1.13
2013.04.09 02:58:37.034,1.55216,1.55253,1.13,1.50
2013.04.09 02:58:37.395,1.55216,1.55248,1.13,1.13
2013.04.09 02:58:51.895,1.55212,1.55248,1.65,1.13
2013.04.09 02:58:52.197,1.55211,1.55244,2.48,1.13
2013.04.09 02:58:52.735,1.55211,1.55244,1.50,1.50
2013.04.09 02:58:53.094,1.55207,1.55242,1.88,1.13
2013.04.09 02:58:53.234,1.55207,1.5524,1.13,1.13
2013.04.09 02:58:59.345,1.55205,1.55243,2.97,1.50
2013.04.09 02:58:59.645,1.55209,1.55243,1.73,1.13
2013.04.09 02:58:59.765,1.55212,1.55248,1.50,1.13
2013.04.09 02:59:00.124,1.55215,1.55252,2.03,1.13
2013.04.09 02:59:00.664,1.55216,1.55252,1.50,1.50
2013.04.09 02:59:00.854,1.55216,1.55249,1.50,1.50
2013.04.09 02:59:01.594,1.55216,1.55251,1.88,1.13
2013.04.09 02:59:02.135,1.55216,1.55251,1.13,1.13
2013.04.09 02:59:02.638,1.55214,1.5525,1.65,1.20
2013.04.09 02:59:03.194,1.55211,1.55244,1.13,1.13
2013.04.09 02:59:03.906,1.55215,1.55248,1.13,1.13
2013.04.09 02:59:04.025,1.55216,1.55248,1.65,1.13
2013.04.09 02:59:04.581,1.55216,1.55251,1.13,1.13
2013.04.09 02:59:04.765,1.55217,1.55254,1.13,1.13
2013.04.09 02:59:05.715,1.5522,1.55254,1.95,1.13
2013.04.09 02:59:11.296,1.55221,1.55254,1.35,1.13
2013.04.09 02:59:13.176,1.55221,1.55254,1.35,1.13
2013.04.09 02:59:15.705,1.55221,1.55254,1.35,1.13
2013.04.09 02:59:17.634,1.55223,1.55255,1.35,1.13
2013.04.09 02:59:17.815,1.55219,1.55254,1.88,1.13
2013.04.09 02:59:19.644,1.55219,1.55258,1.88,1.50
2013.04.09 02:59:20.565,1.5522,1.55259,1.13,1.50
2013.04.09 02:59:21.115,1.5522,1.55259,1.88,1.50
2013.04.09 02:59:21.644,1.5522,1.55259,1.13,1.50
2013.04.09 02:59:25.844,1.55222,1.55259,1.13,1.50
2013.04.09 02:59:32.325,1.55225,1.55261,1.13,1.50
2013.04.09 02:59:33.077,1.55232,1.55268,1.13,1.13
2013.04.09 02:59:33.876,1.55232,1.55267,1.13,1.50
2013.04.09 02:59:35.595,1.55227,1.55263,1.65,1.13
2013.04.09 02:59:39.144,1.55227,1.55263,1.28,1.13
2013.04.09 02:59:43.205,1.55226,1.55263,2.40,1.13
2013.04.09 02:59:49.397,1.5523,1.55269,1.13,2.25
2013.04.09 02:59:49.639,1.5523,1.55265,1.13,1.13
2013.04.09 02:59:53.684,1.55231,1.55266,1.88,1.13
2013.04.09 02:59:57.754,1.55231,1.55266,1.88,1.13
2013.04.09 02:59:58.844,1.55231,1.55266,1.13,1.13
2013.04.09 02:59:59.598,1.55232,1.55269,1.13,1.50
