2015.08.06 09:00:00.007,2.05657,2.05695,1.00,1.00
2015.08.06 09:00:00.310,2.05641,2.05671,1.00,1.00
2015.08.06 09:00:00.562,2.05643,2.05676,1.00,1.00
2015.08.06 09:00:00.714,2.0565,2.05686,1.00,1.00
2015.08.06 09:00:00.971,2.05641,2.05678,1.00,1.00
2015.08.06 09:00:01.072,2.05649,2.05686,1.00,1.00
2015.08.06 09:00:01.893,2.05645,2.05682,1.00,1.00
2015.08.06 09:00:02.196,2.05647,2.05686,1.12,1.00
2015.08.06 09:00:02.420,2.05659,2.05687,1.00,1.00
2015.08.06 09:00:02.471,2.05656,2.05688,1.00,1.00
2015.08.06 09:00:02.572,2.05656,2.05694,1.00,1.50
2015.08.06 09:00:02.867,2.05646,2.05689,1.37,1.00
2015.08.06 09:00:02.918,2.05646,2.05685,1.00,1.00
2015.08.06 09:00:03.221,2.05653,2.05676,1.00,1.00
2015.08.06 09:00:03.271,2.05646,2.05676,1.37,1.00
2015.08.06 09:00:03.523,2.05649,2.05676,1.00,1.00
2015.08.06 09:00:04.392,2.05652,2.05689,1.50,1.00
2015.08.06 09:00:04.544,2.0565,2.05678,1.00,1.00
2015.08.06 09:00:04.847,2.05652,2.05678,1.00,1.00
2015.08.06 09:00:05.192,2.05651,2.05688,1.00,1.00
2015.08.06 09:00:05.243,2.05661,2.05696,1.00,1.00
2015.08.06 09:00:05.294,2.05651,2.0569,1.00,1.00
2015.08.06 09:00:05.395,2.05662,2.05698,1.00,1.00
2015.08.06 09:00:05.698,2.05666,2.05701,1.00,1.00
2015.08.06 09:00:05.749,2.05657,2.05697,1.00,1.00
2015.08.06 09:00:05.800,2.05657,2.05693,1.00,1.00
2015.08.06 09:00:06.345,2.05658,2.05694,1.00,1.00
2015.08.06 09:00:06.647,2.05667,2.05698,1.00,1.00
2015.08.06 09:00:07.006,2.05667,2.05701,1.00,1.00
2015.08.06 09:00:07.057,2.05658,2.05693,1.00,1.00
2015.08.06 09:00:07.158,2.05668,2.05701,1.00,1.00
2015.08.06 09:00:07.664,2.05658,2.05697,1.00,1.00
2015.08.06 09:00:07.816,2.05657,2.05684,1.00,1.00
2015.08.06 09:00:07.917,2.05654,2.05684,1.00,1.00
2015.08.06 09:00:07.968,2.05654,2.05691,1.00,1.00
2015.08.06 09:00:08.120,2.05658,2.05691,1.00,1.00
2015.08.06 09:00:08.786,2.05661,2.05691,1.00,1.00
2015.08.06 09:00:10.218,2.05656,2.05691,1.00,1.00
2015.08.06 09:00:10.420,2.0566,2.05691,1.00,1.00
2015.08.06 09:00:10.672,2.05658,2.05691,1.00,1.00
2015.08.06 09:00:10.889,2.05664,2.05691,1.00,1.00
2015.08.06 09:00:10.939,2.05647,2.05687,1.12,1.00
2015.08.06 09:00:10.990,2.05647,2.05683,1.12,1.00
2015.08.06 09:00:11.041,2.05643,2.05683,1.00,1.00
2015.08.06 09:00:11.091,2.0565,2.05684,1.00,1.00
2015.08.06 09:00:11.494,2.05645,2.05681,1.00,1.00
2015.08.06 09:00:13.129,2.0565,2.05682,1.00,1.00
2015.08.06 09:00:13.633,2.0565,2.05683,1.00,1.00
2015.08.06 09:00:15.015,2.05639,2.05677,1.00,1.50
2015.08.06 09:00:15.116,2.05639,2.0568,1.00,1.00
2015.08.06 09:00:15.167,2.05639,2.05682,1.00,1.00
2015.08.06 09:00:15.267,2.0564,2.0568,1.00,1.00
2015.08.06 09:00:15.778,2.05639,2.05678,1.00,1.00
2015.08.06 09:00:16.085,2.05632,2.05669,1.37,1.00
2015.08.06 09:00:16.338,2.05641,2.05677,1.00,1.00
2015.08.06 09:00:17.013,2.05641,2.05676,1.00,1.00
2015.08.06 09:00:17.114,2.05641,2.05672,1.00,1.00
2015.08.06 09:00:17.215,2.05636,2.05672,1.00,1.00
2015.08.06 09:00:17.266,2.05646,2.05672,1.00,1.00
2015.08.06 09:00:17.316,2.05635,2.05672,1.00,1.00
2015.08.06 09:00:17.763,2.05634,2.05665,1.00,1.00
2015.08.06 09:00:18.067,2.05645,2.05676,1.00,1.00
2015.08.06 09:00:18.320,2.05634,2.05672,1.50,1.00
2015.08.06 09:00:20.541,2.05634,2.0567,1.00,1.00
2015.08.06 09:00:20.742,2.05634,2.05672,1.00,1.50
2015.08.06 09:00:20.998,2.05646,2.05676,1.00,1.00
2015.08.06 09:00:21.505,2.05646,2.05675,1.00,1.00
2015.08.06 09:00:21.556,2.05634,2.05672,1.00,1.00
2015.08.06 09:00:21.707,2.05645,2.05675,1.00,1.00
2015.08.06 09:00:21.758,2.05645,2.05677,1.00,1.00
2015.08.06 09:00:22.184,2.05634,2.05672,1.00,1.00
2015.08.06 09:00:22.537,2.05634,2.0567,1.00,1.00
2015.08.06 09:00:22.638,2.05634,2.05672,1.00,1.50
2015.08.06 09:00:22.739,2.05646,2.05675,1.00,1.00
2015.08.06 09:00:23.280,2.05633,2.05672,1.00,1.00
2015.08.06 09:00:23.598,2.05628,2.05664,1.00,1.00
2015.08.06 09:00:24.105,2.05628,2.05661,1.00,1.00
2015.08.06 09:00:24.206,2.05623,2.05657,1.00,1.00
2015.08.06 09:00:24.307,2.05623,2.05653,1.00,1.00
2015.08.06 09:00:24.358,2.05623,2.05657,1.00,1.00
2015.08.06 09:00:24.409,2.05624,2.05662,1.00,1.50
2015.08.06 09:00:24.459,2.05629,2.05662,1.00,1.00
2015.08.06 09:00:24.784,2.05629,2.05659,1.00,1.00
2015.08.06 09:00:24.835,2.05618,2.05652,1.00,1.00
2015.08.06 09:00:25.087,2.05624,2.05661,1.00,1.00
2015.08.06 09:00:25.239,2.05621,2.05659,1.00,1.00
2015.08.06 09:00:27.368,2.05621,2.05658,1.00,1.00
2015.08.06 09:00:27.872,2.05621,2.05659,1.00,1.00
2015.08.06 09:00:29.209,2.05621,2.05658,1.00,1.00
2015.08.06 09:00:29.360,2.05621,2.05656,1.00,1.00
2015.08.06 09:00:29.687,2.05617,2.05651,1.00,1.00
2015.08.06 09:00:29.737,2.05614,2.0565,1.00,1.00
2015.08.06 09:00:29.990,2.05614,2.05653,1.00,1.00
2015.08.06 09:00:30.041,2.05606,2.05642,1.00,1.00
2015.08.06 09:00:30.192,2.05611,2.05653,1.00,1.00
2015.08.06 09:00:30.417,2.05623,2.05653,1.00,1.00
2015.08.06 09:00:30.519,2.05606,2.0564,1.50,1.00
2015.08.06 09:00:30.620,2.05602,2.05627,1.00,1.00
2015.08.06 09:00:30.821,2.05589,2.05621,1.00,1.00
2015.08.06 09:00:31.176,2.05589,2.05631,1.00,1.00
2015.08.06 09:00:31.227,2.05589,2.05633,1.00,1.00
2015.08.06 09:00:31.731,2.0559,2.05633,1.00,1.00
2015.08.06 09:00:32.032,2.05592,2.05633,1.00,1.00
2015.08.06 09:00:33.540,2.05606,2.05637,1.00,1.00
2015.08.06 09:00:33.675,2.05592,2.05636,1.00,1.00
2015.08.06 09:00:34.077,2.05608,2.05637,1.00,1.00
2015.08.06 09:00:34.580,2.05608,2.05636,1.00,1.00
2015.08.06 09:00:35.186,2.05608,2.05639,1.00,1.00
2015.08.06 09:00:35.236,2.05612,2.05639,1.00,1.00
2015.08.06 09:00:35.288,2.05612,2.05641,1.00,1.00
2015.08.06 09:00:35.389,2.05612,2.05643,1.00,1.00
2015.08.06 09:00:35.440,2.05615,2.05643,1.00,1.00
2015.08.06 09:00:35.950,2.05615,2.05644,1.00,1.00
2015.08.06 09:00:36.469,2.05615,2.05643,1.00,1.00
2015.08.06 09:00:36.983,2.05615,2.05644,1.00,1.00
2015.08.06 09:00:37.263,2.05615,2.05646,1.00,1.00
2015.08.06 09:00:37.414,2.05617,2.05646,1.00,1.00
2015.08.06 09:00:37.465,2.05617,2.05648,1.00,1.00
2015.08.06 09:00:37.566,2.05617,2.0565,1.00,1.00
2015.08.06 09:00:37.717,2.05608,2.05646,1.00,1.00
2015.08.06 09:00:37.920,2.05608,2.05649,1.00,1.00
2015.08.06 09:00:38.131,2.05615,2.05649,1.00,1.00
2015.08.06 09:00:38.182,2.05611,2.05651,1.00,1.00
2015.08.06 09:00:38.233,2.05611,2.05649,1.00,1.00
2015.08.06 09:00:38.434,2.05608,2.05648,1.00,1.00
2015.08.06 09:00:38.668,2.05606,2.05648,1.00,1.00
2015.08.06 09:00:39.121,2.05608,2.05649,1.00,1.50
2015.08.06 09:00:39.452,2.05607,2.05638,1.00,1.00
2015.08.06 09:00:39.974,2.05608,2.05638,1.00,1.00
2015.08.06 09:00:42.424,2.05611,2.0565,1.00,1.50
2015.08.06 09:00:42.626,2.05604,2.05637,1.00,1.00
2015.08.06 09:00:42.996,2.05608,2.05649,1.00,1.00
2015.08.06 09:00:43.097,2.05622,2.05649,1.00,1.00
2015.08.06 09:00:43.695,2.05608,2.05649,1.50,1.00
2015.08.06 09:00:43.847,2.05608,2.05651,1.50,1.50
2015.08.06 09:00:43.898,2.05622,2.05651,1.00,1.00
2015.08.06 09:00:45.598,2.05622,2.05652,1.00,1.00
2015.08.06 09:00:46.147,2.05612,2.05649,1.00,1.00
2015.08.06 09:00:46.349,2.05603,2.05636,1.50,1.00
2015.08.06 09:00:46.500,2.05604,2.05645,1.00,1.00
2015.08.06 09:00:46.703,2.05603,2.05643,1.50,1.00
2015.08.06 09:00:47.027,2.05615,2.05645,1.00,1.00
2015.08.06 09:00:47.404,2.05615,2.05647,1.00,1.00
2015.08.06 09:00:47.455,2.05617,2.05647,1.00,1.00
2015.08.06 09:00:47.878,2.05617,2.0565,1.00,1.00
2015.08.06 09:00:47.930,2.05617,2.05645,1.00,1.00
2015.08.06 09:00:48.457,2.05617,2.05646,1.00,1.00
2015.08.06 09:00:49.085,2.05615,2.05644,1.00,1.00
2015.08.06 09:00:49.418,2.05617,2.05646,1.00,1.00
2015.08.06 09:00:49.922,2.05617,2.05645,1.00,1.00
2015.08.06 09:00:51.225,2.05617,2.05647,1.00,1.00
2015.08.06 09:00:51.650,2.05617,2.05649,1.00,1.00
2015.08.06 09:00:52.006,2.05607,2.05646,1.00,1.00
2015.08.06 09:00:52.208,2.05609,2.0565,1.00,1.50
2015.08.06 09:00:52.745,2.05609,2.05649,1.00,1.00
2015.08.06 09:00:52.946,2.05605,2.05648,1.00,1.50
2015.08.06 09:00:53.249,2.05617,2.05648,1.00,1.00
2015.08.06 09:00:53.451,2.05606,2.05646,1.00,1.00
2015.08.06 09:00:53.551,2.05606,2.05648,1.00,1.00
2015.08.06 09:00:53.787,2.05606,2.05645,1.00,1.00
2015.08.06 09:00:53.888,2.05606,2.05647,1.00,1.00
2015.08.06 09:00:54.555,2.05608,2.05647,1.00,1.00
2015.08.06 09:00:54.991,2.05606,2.05648,1.00,1.00
2015.08.06 09:00:55.143,2.05608,2.05648,1.00,1.00
2015.08.06 09:00:56.358,2.05606,2.05648,1.00,1.00
2015.08.06 09:00:56.510,2.05606,2.05644,1.00,1.00
2015.08.06 09:00:56.812,2.05618,2.05649,1.00,1.00
2015.08.06 09:00:56.863,2.05616,2.05651,1.00,1.00
2015.08.06 09:00:56.964,2.05628,2.05657,1.00,1.00
2015.08.06 09:00:57.306,2.05633,2.05657,1.00,1.00
2015.08.06 09:00:57.407,2.0562,2.05657,1.00,1.00
2015.08.06 09:00:57.508,2.05611,2.05646,1.00,1.00
2015.08.06 09:00:57.710,2.05609,2.05646,1.50,1.00
2015.08.06 09:00:58.064,2.05616,2.0566,1.00,1.00
2015.08.06 09:00:58.229,2.0561,2.05647,1.00,1.00
2015.08.06 09:00:58.532,2.05617,2.0566,1.00,1.00
2015.08.06 09:00:58.835,2.05617,2.05658,1.00,1.00
2015.08.06 09:00:59.138,2.05609,2.05645,1.00,1.00
2015.08.06 09:00:59.189,2.05617,2.0566,1.00,1.00
2015.08.06 09:00:59.426,2.05609,2.05645,1.00,1.00
2015.08.06 09:01:00.122,2.0561,2.05645,1.00,1.00
2015.08.06 09:01:00.273,2.05608,2.05645,1.50,1.00
2015.08.06 09:01:00.588,2.0561,2.05645,1.00,1.00
2015.08.06 09:01:00.689,2.05608,2.05645,1.50,1.00
2015.08.06 09:01:01.193,2.05609,2.05645,1.00,1.00
2015.08.06 09:01:01.305,2.05614,2.05645,1.00,1.00
2015.08.06 09:01:01.601,2.0561,2.05645,1.00,1.00
2015.08.06 09:01:01.803,2.05608,2.05645,2.25,1.00
2015.08.06 09:01:01.904,2.0561,2.05645,1.00,1.00
2015.08.06 09:01:02.408,2.05609,2.05645,1.00,1.00
2015.08.06 09:01:02.932,2.05608,2.05645,1.00,1.00
2015.08.06 09:01:03.235,2.0561,2.05645,1.00,1.00
2015.08.06 09:01:03.537,2.05608,2.05645,1.50,1.00
2015.08.06 09:01:03.940,2.05613,2.05645,1.00,1.00
2015.08.06 09:01:04.252,2.05608,2.05645,1.50,1.00
2015.08.06 09:01:05.523,2.05624,2.05658,1.00,1.00
2015.08.06 09:01:05.826,2.05619,2.05651,1.00,1.00
2015.08.06 09:01:05.876,2.05619,2.05653,1.00,1.00
2015.08.06 09:01:05.977,2.05619,2.0565,1.00,1.00
2015.08.06 09:01:06.495,2.05619,2.05652,1.00,1.00
2015.08.06 09:01:06.747,2.05619,2.05657,1.00,1.00
2015.08.06 09:01:06.848,2.05619,2.05654,1.00,1.00
2015.08.06 09:01:07.003,2.05617,2.05653,1.00,1.00
2015.08.06 09:01:07.867,2.05613,2.05651,1.00,1.00
2015.08.06 09:01:08.271,2.05608,2.05646,2.25,1.00
2015.08.06 09:01:08.573,2.05619,2.05652,1.00,1.00
2015.08.06 09:01:09.106,2.05619,2.05653,1.00,1.00
2015.08.06 09:01:09.156,2.05619,2.05655,1.00,1.00
2015.08.06 09:01:09.257,2.05619,2.05653,1.00,1.00
2015.08.06 09:01:09.889,2.05619,2.05654,1.00,1.00
2015.08.06 09:01:10.210,2.05619,2.05652,1.00,1.00
2015.08.06 09:01:11.714,2.05619,2.05655,1.00,1.00
2015.08.06 09:01:13.938,2.05619,2.05655,1.00,1.87
2015.08.06 09:01:14.636,2.05619,2.05652,1.00,1.12
2015.08.06 09:01:15.190,2.05619,2.05654,1.00,1.00
2015.08.06 09:01:15.782,2.05619,2.05653,1.00,1.00
2015.08.06 09:01:16.305,2.05619,2.05653,1.00,1.37
2015.08.06 09:01:16.873,2.05619,2.05651,1.00,1.00
2015.08.06 09:01:17.612,2.05619,2.05653,1.00,1.00
2015.08.06 09:01:18.526,2.05619,2.05651,1.00,1.00
2015.08.06 09:01:18.728,2.05609,2.05646,1.00,1.00
2015.08.06 09:01:19.539,2.05609,2.05643,1.00,1.00
2015.08.06 09:01:19.640,2.05605,2.05644,1.00,1.00
2015.08.06 09:01:20.602,2.05614,2.05649,1.00,1.00
2015.08.06 09:01:20.653,2.05605,2.05644,1.00,1.00
2015.08.06 09:01:20.805,2.05613,2.05649,1.00,1.00
2015.08.06 09:01:21.120,2.05613,2.05646,1.00,1.00
2015.08.06 09:01:21.222,2.05608,2.05644,1.00,1.00
2015.08.06 09:01:21.324,2.05615,2.05647,1.00,1.00
2015.08.06 09:01:21.375,2.05615,2.05651,1.00,1.50
2015.08.06 09:01:21.677,2.05615,2.05649,1.00,1.00
2015.08.06 09:01:21.829,2.05615,2.05652,1.00,1.00
2015.08.06 09:01:22.337,2.05615,2.05651,1.00,1.00
2015.08.06 09:01:22.866,2.05613,2.05648,1.00,1.00
2015.08.06 09:01:23.405,2.05611,2.05648,1.00,1.00
2015.08.06 09:01:23.455,2.05619,2.05655,1.00,1.00
2015.08.06 09:01:23.835,2.05623,2.05655,1.00,1.00
2015.08.06 09:01:24.151,2.05623,2.05653,1.00,1.00
2015.08.06 09:01:24.453,2.05623,2.05651,1.00,1.00
2015.08.06 09:01:27.648,2.0562,2.05651,1.00,1.00
2015.08.06 09:01:27.950,2.0562,2.05653,1.00,1.00
2015.08.06 09:01:28.376,2.05624,2.05658,1.00,1.87
2015.08.06 09:01:28.477,2.05617,2.05653,1.00,1.00
2015.08.06 09:01:28.528,2.05617,2.05648,1.00,1.00
2015.08.06 09:01:28.629,2.05613,2.05648,1.00,1.00
2015.08.06 09:01:29.240,2.05613,2.05648,1.00,1.37
2015.08.06 09:01:29.391,2.05613,2.05651,1.00,1.50
2015.08.06 09:01:30.915,2.05613,2.05648,1.00,1.00
2015.08.06 09:01:31.218,2.05613,2.05646,1.00,1.00
2015.08.06 09:01:31.749,2.05613,2.05647,1.00,1.00
2015.08.06 09:01:31.850,2.05613,2.0565,1.00,1.00
2015.08.06 09:01:32.525,2.05613,2.05649,1.00,1.00
2015.08.06 09:01:32.626,2.05613,2.05646,1.00,1.00
2015.08.06 09:01:33.376,2.05617,2.05646,1.00,1.00
2015.08.06 09:01:33.527,2.056,2.05638,1.00,1.00
2015.08.06 09:01:33.578,2.05597,2.05638,1.00,1.00
2015.08.06 09:01:33.629,2.05597,2.05626,1.00,1.00
2015.08.06 09:01:33.680,2.05602,2.05634,1.00,1.00
2015.08.06 09:01:33.731,2.05594,2.05628,1.00,1.00
2015.08.06 09:01:34.229,2.05597,2.05626,1.00,1.00
2015.08.06 09:01:34.431,2.05593,2.05627,1.00,1.00
2015.08.06 09:01:34.532,2.05593,2.05621,1.00,1.00
2015.08.06 09:01:34.633,2.05589,2.05621,1.00,1.00
2015.08.06 09:01:35.036,2.05589,2.05624,1.00,1.00
2015.08.06 09:01:35.592,2.05589,2.05625,1.00,1.50
2015.08.06 09:01:37.148,2.05593,2.05625,1.00,1.00
2015.08.06 09:01:37.350,2.05589,2.05625,1.00,1.50
2015.08.06 09:01:38.358,2.05594,2.05625,1.00,1.50
2015.08.06 09:01:38.560,2.05589,2.05625,1.50,1.50
2015.08.06 09:01:40.139,2.05593,2.05624,1.00,1.00
2015.08.06 09:01:40.458,2.05593,2.05621,1.00,1.00
2015.08.06 09:01:40.807,2.05593,2.05626,1.00,1.00
2015.08.06 09:01:41.310,2.05593,2.05627,1.00,1.50
2015.08.06 09:01:41.461,2.05593,2.05629,1.00,1.00
2015.08.06 09:01:41.512,2.05598,2.05629,1.00,1.00
2015.08.06 09:01:41.563,2.05598,2.05632,1.00,1.00
2015.08.06 09:01:41.664,2.05604,2.05635,1.00,1.00
2015.08.06 09:01:41.765,2.05604,2.05638,1.00,1.00
2015.08.06 09:01:42.085,2.05604,2.05642,1.00,1.50
2015.08.06 09:01:42.337,2.05604,2.05639,1.00,1.00
2015.08.06 09:01:42.438,2.05604,2.05642,1.00,1.50
2015.08.06 09:01:42.489,2.05608,2.05642,1.00,1.00
2015.08.06 09:01:43.265,2.05608,2.05644,1.00,1.00
2015.08.06 09:01:43.619,2.05613,2.0564,1.00,1.00
2015.08.06 09:01:43.771,2.05613,2.05645,1.00,1.00
2015.08.06 09:01:45.283,2.05613,2.05644,1.00,1.00
2015.08.06 09:01:46.594,2.05613,2.05642,1.00,1.00
2015.08.06 09:01:46.695,2.05595,2.05641,1.00,1.00
2015.08.06 09:01:46.898,2.05595,2.05642,1.00,1.37
2015.08.06 09:01:47.144,2.05578,2.05623,1.00,1.00
2015.08.06 09:01:47.195,2.05576,2.05623,1.00,1.00
2015.08.06 09:01:47.245,2.05575,2.05618,1.00,1.00
2015.08.06 09:01:47.397,2.05569,2.05616,1.50,1.00
2015.08.06 09:01:47.598,2.05573,2.05621,1.50,1.37
2015.08.06 09:01:48.032,2.0559,2.05623,1.00,1.00
2015.08.06 09:01:48.082,2.05576,2.05621,1.00,1.00
2015.08.06 09:01:49.021,2.05575,2.05623,1.00,1.00
2015.08.06 09:01:49.204,2.05574,2.0562,1.00,1.00
2015.08.06 09:01:49.526,2.05591,2.05623,1.00,1.00
2015.08.06 09:01:49.828,2.05591,2.05621,1.00,1.00
2015.08.06 09:01:49.929,2.05575,2.05621,1.00,1.00
2015.08.06 09:01:49.980,2.05573,2.05621,1.50,1.00
2015.08.06 09:01:50.031,2.05575,2.05623,1.00,1.12
2015.08.06 09:01:50.353,2.05577,2.05623,1.00,1.00
2015.08.06 09:01:50.908,2.05578,2.05625,1.00,1.00
2015.08.06 09:01:51.376,2.05578,2.05622,1.00,1.00
2015.08.06 09:01:51.477,2.05578,2.05624,1.00,1.00
2015.08.06 09:01:51.780,2.05576,2.05623,1.00,1.00
2015.08.06 09:01:51.882,2.05576,2.05621,1.00,1.00
2015.08.06 09:01:52.235,2.05574,2.05619,1.00,1.00
2015.08.06 09:01:52.452,2.05573,2.05622,1.00,1.00
2015.08.06 09:01:52.755,2.05571,2.0562,1.00,1.00
2015.08.06 09:01:53.090,2.05573,2.05622,1.00,1.12
2015.08.06 09:01:53.397,2.05573,2.0562,1.00,1.00
2015.08.06 09:01:53.762,2.05573,2.0562,1.00,1.37
2015.08.06 09:01:53.863,2.05571,2.05618,1.00,1.12
2015.08.06 09:01:54.217,2.05568,2.05615,1.00,1.50
2015.08.06 09:01:54.520,2.05563,2.05597,1.50,1.00
2015.08.06 09:01:54.571,2.05563,2.05609,1.50,1.00
2015.08.06 09:01:54.672,2.05563,2.05609,1.00,1.37
2015.08.06 09:01:55.032,2.0556,2.05608,1.00,1.00
2015.08.06 09:01:55.183,2.05564,2.05611,1.00,1.00
2015.08.06 09:01:55.485,2.05567,2.05611,1.00,1.00
2015.08.06 09:01:55.536,2.05566,2.05614,1.50,1.00
2015.08.06 09:01:55.637,2.05569,2.05615,1.00,1.00
2015.08.06 09:01:55.940,2.05587,2.05618,1.00,1.00
2015.08.06 09:01:56.250,2.05587,2.0562,1.00,1.00
2015.08.06 09:01:56.653,2.05587,2.0562,1.00,1.37
2015.08.06 09:01:56.957,2.05588,2.05612,1.00,1.00
2015.08.06 09:01:57.108,2.05571,2.05612,1.00,1.00
2015.08.06 09:01:57.210,2.05566,2.05612,1.00,1.00
2015.08.06 09:01:57.311,2.05566,2.05614,1.00,1.00
2015.08.06 09:01:57.559,2.05563,2.0561,1.00,1.00
2015.08.06 09:01:57.861,2.05562,2.05608,1.00,1.00
2015.08.06 09:01:57.914,2.05563,2.05611,1.00,1.50
2015.08.06 09:01:58.065,2.0556,2.05606,1.00,1.00
2015.08.06 09:01:58.272,2.05557,2.05604,1.00,1.00
2015.08.06 09:01:58.473,2.05556,2.05602,1.00,1.00
2015.08.06 09:01:58.845,2.05557,2.05604,1.00,1.00
2015.08.06 09:01:59.249,2.05561,2.05606,1.00,1.00
2015.08.06 09:02:00.128,2.0556,2.05606,1.00,1.00
2015.08.06 09:02:00.229,2.05555,2.05602,1.00,1.00
2015.08.06 09:02:00.330,2.05553,2.05602,1.00,1.00
2015.08.06 09:02:00.380,2.05553,2.05585,1.00,1.00
2015.08.06 09:02:00.582,2.05548,2.05581,1.50,1.00
2015.08.06 09:02:00.834,2.05548,2.05596,1.50,1.00
2015.08.06 09:02:00.885,2.05548,2.05594,1.00,1.00
2015.08.06 09:02:01.434,2.05548,2.05587,1.00,1.00
2015.08.06 09:02:01.737,2.05548,2.05576,1.00,1.00
2015.08.06 09:02:01.787,2.05548,2.05584,1.00,1.50
2015.08.06 09:02:01.896,2.05544,2.05584,1.00,1.50
2015.08.06 09:02:05.239,2.05548,2.05584,1.00,1.00
2015.08.06 09:02:05.642,2.05544,2.05584,1.00,1.50
2015.08.06 09:02:05.794,2.05543,2.05574,1.00,1.00
2015.08.06 09:02:06.522,2.05539,2.05574,1.00,1.00
2015.08.06 09:02:06.623,2.05544,2.05581,1.00,1.87
2015.08.06 09:02:06.724,2.05544,2.05581,1.00,1.00
2015.08.06 09:02:06.926,2.05542,2.05582,1.00,1.00
2015.08.06 09:02:06.977,2.05544,2.05581,1.00,1.00
2015.08.06 09:02:07.412,2.05539,2.05582,1.00,1.00
2015.08.06 09:02:07.463,2.05539,2.05585,1.00,1.00
2015.08.06 09:02:07.514,2.05539,2.05587,1.50,1.00
2015.08.06 09:02:07.565,2.05543,2.05586,1.00,1.00
2015.08.06 09:02:08.372,2.05544,2.05586,1.00,1.00
2015.08.06 09:02:08.830,2.05549,2.05586,1.00,1.00
2015.08.06 09:02:08.958,2.05544,2.05586,1.00,1.00
2015.08.06 09:02:09.060,2.05546,2.05586,1.00,1.00
2015.08.06 09:02:09.174,2.05546,2.05589,1.00,1.00
2015.08.06 09:02:09.516,2.05549,2.05594,1.50,1.00
2015.08.06 09:02:09.617,2.05548,2.05592,1.00,1.00
2015.08.06 09:02:10.263,2.05548,2.05596,1.50,1.00
2015.08.06 09:02:10.364,2.05554,2.05596,1.00,1.00
2015.08.06 09:02:10.919,2.05553,2.05594,1.00,1.00
2015.08.06 09:02:11.259,2.05564,2.05596,1.00,1.00
2015.08.06 09:02:11.361,2.05564,2.05599,1.00,1.00
2015.08.06 09:02:11.668,2.05564,2.05601,1.00,1.00
2015.08.06 09:02:11.819,2.05564,2.05598,1.00,1.00
2015.08.06 09:02:11.920,2.05564,2.05601,1.00,1.00
2015.08.06 09:02:12.021,2.05564,2.05599,1.00,1.00
2015.08.06 09:02:12.369,2.05567,2.05601,1.00,1.00
2015.08.06 09:02:12.621,2.05553,2.05596,1.00,1.00
2015.08.06 09:02:12.672,2.05553,2.05592,1.00,1.00
2015.08.06 09:02:12.984,2.05553,2.05585,1.00,1.00
2015.08.06 09:02:13.085,2.05554,2.05592,1.00,1.00
2015.08.06 09:02:13.136,2.05554,2.05595,1.00,1.00
2015.08.06 09:02:13.237,2.05559,2.05595,1.00,1.00
2015.08.06 09:02:13.555,2.05553,2.05595,1.00,1.00
2015.08.06 09:02:13.675,2.05558,2.05597,1.00,1.00
2015.08.06 09:02:13.979,2.05558,2.056,1.00,1.00
2015.08.06 09:02:14.231,2.05559,2.05597,1.00,1.00
2015.08.06 09:02:14.793,2.05559,2.05601,1.00,1.00
2015.08.06 09:02:14.894,2.05559,2.05597,1.00,1.00
2015.08.06 09:02:15.432,2.05558,2.05597,1.00,1.00
2015.08.06 09:02:16.465,2.05558,2.05599,1.00,1.00
2015.08.06 09:02:16.787,2.05558,2.05595,1.00,1.00
2015.08.06 09:02:17.190,2.05556,2.05594,1.00,1.00
2015.08.06 09:02:18.191,2.05556,2.05594,1.00,1.37
2015.08.06 09:02:19.168,2.05554,2.05592,1.50,1.37
2015.08.06 09:02:19.901,2.05554,2.0559,1.00,1.37
2015.08.06 09:02:20.282,2.05559,2.05588,1.00,1.37
2015.08.06 09:02:20.384,2.05559,2.0559,1.00,1.00
2015.08.06 09:02:20.801,2.05559,2.05594,1.00,1.37
2015.08.06 09:02:20.902,2.05555,2.05594,1.00,1.37
2015.08.06 09:02:21.600,2.05555,2.05594,1.00,1.37
2015.08.06 09:02:22.106,2.05555,2.05595,1.00,1.00
2015.08.06 09:02:22.435,2.05553,2.05595,1.00,1.00
2015.08.06 09:02:22.486,2.05558,2.05596,1.00,1.37
2015.08.06 09:02:22.757,2.05558,2.05598,1.00,1.00
2015.08.06 09:02:22.807,2.05558,2.05596,1.00,1.00
2015.08.06 09:02:23.261,2.05558,2.05594,1.00,1.00
2015.08.06 09:02:23.564,2.05558,2.05597,1.00,1.00
2015.08.06 09:02:24.117,2.05559,2.05594,1.00,1.00
2015.08.06 09:02:24.218,2.05559,2.05599,1.00,1.37
2015.08.06 09:02:24.570,2.05558,2.05595,1.00,1.00
2015.08.06 09:02:24.671,2.05558,2.05598,1.00,1.37
2015.08.06 09:02:24.873,2.05558,2.05593,1.00,1.00
2015.08.06 09:02:25.044,2.0555,2.05593,1.00,1.00
2015.08.06 09:02:25.096,2.05549,2.0559,1.50,1.00
2015.08.06 09:02:25.248,2.05549,2.05592,1.00,1.00
2015.08.06 09:02:25.558,2.05553,2.05593,1.00,1.00
2015.08.06 09:02:25.659,2.05549,2.05593,1.50,1.37
2015.08.06 09:02:25.710,2.05557,2.05594,1.00,1.00
2015.08.06 09:02:25.861,2.05555,2.05596,1.00,1.00
2015.08.06 09:02:27.518,2.05555,2.05597,1.00,1.12
2015.08.06 09:02:28.245,2.05555,2.05598,1.00,1.87
2015.08.06 09:02:28.511,2.05559,2.05597,1.00,1.00
2015.08.06 09:02:28.846,2.05565,2.05604,1.00,1.00
2015.08.06 09:02:29.048,2.05565,2.05602,1.00,1.00
2015.08.06 09:02:29.199,2.05565,2.05604,1.00,1.00
2015.08.06 09:02:29.740,2.05565,2.05608,1.00,1.50
2015.08.06 09:02:29.972,2.05572,2.05608,1.00,1.00
2015.08.06 09:02:30.074,2.05563,2.05608,1.50,1.00
2015.08.06 09:02:30.175,2.05568,2.05608,1.00,1.00
2015.08.06 09:02:30.377,2.05563,2.05608,1.50,1.50
2015.08.06 09:02:30.478,2.05565,2.05608,1.00,1.00
2015.08.06 09:02:30.780,2.05569,2.0561,1.00,1.00
2015.08.06 09:02:30.994,2.05567,2.05609,1.00,1.00
2015.08.06 09:02:31.045,2.05564,2.05607,1.00,1.00
2015.08.06 09:02:31.146,2.05562,2.05607,1.00,1.50
2015.08.06 09:02:31.247,2.05561,2.05596,1.00,1.00
2015.08.06 09:02:31.550,2.05572,2.05601,1.00,1.00
2015.08.06 09:02:31.601,2.05572,2.05604,1.00,1.00
2015.08.06 09:02:32.031,2.05568,2.05605,1.00,1.00
2015.08.06 09:02:32.081,2.05568,2.05603,1.00,1.00
2015.08.06 09:02:32.468,2.05568,2.05608,1.00,1.00
2015.08.06 09:02:32.921,2.05568,2.05603,1.00,1.00
2015.08.06 09:02:33.334,2.05568,2.05605,1.00,1.00
2015.08.06 09:02:33.485,2.05563,2.05604,1.00,1.00
2015.08.06 09:02:33.586,2.05561,2.05606,1.50,1.50
2015.08.06 09:02:33.788,2.05569,2.05606,1.00,1.00
2015.08.06 09:02:34.040,2.05569,2.05608,1.00,1.00
2015.08.06 09:02:34.686,2.05569,2.05609,1.00,1.00
2015.08.06 09:02:34.737,2.05563,2.05607,1.00,1.00
2015.08.06 09:02:35.195,2.05578,2.05606,1.00,1.00
2015.08.06 09:02:35.245,2.05578,2.0561,1.00,1.00
2015.08.06 09:02:35.346,2.05578,2.05613,1.00,1.00
2015.08.06 09:02:35.447,2.05578,2.05615,1.00,1.00
2015.08.06 09:02:35.548,2.0557,2.05616,1.00,1.00
2015.08.06 09:02:35.801,2.05572,2.05616,1.00,1.00
2015.08.06 09:02:36.003,2.05572,2.05618,1.00,1.00
2015.08.06 09:02:36.104,2.0557,2.05616,1.00,1.00
2015.08.06 09:02:36.407,2.05574,2.05617,1.00,1.00
2015.08.06 09:02:36.558,2.05574,2.05619,1.00,1.00
2015.08.06 09:02:37.012,2.05571,2.05615,1.00,1.00
2015.08.06 09:02:37.416,2.05573,2.05619,1.00,1.00
2015.08.06 09:02:37.517,2.05571,2.05617,1.00,1.00
2015.08.06 09:02:37.820,2.0557,2.05615,1.00,1.00
2015.08.06 09:02:38.261,2.05573,2.05614,1.00,1.00
2015.08.06 09:02:38.766,2.05574,2.05614,1.00,1.00
2015.08.06 09:02:41.033,2.05573,2.05614,1.00,1.00
2015.08.06 09:02:41.738,2.05573,2.05613,1.00,1.00
2015.08.06 09:02:42.295,2.05573,2.05614,1.00,1.00
2015.08.06 09:02:43.212,2.05579,2.05615,1.00,1.00
2015.08.06 09:02:43.263,2.05579,2.05618,1.00,1.00
2015.08.06 09:02:43.630,2.05584,2.05619,1.00,1.00
2015.08.06 09:02:43.832,2.05584,2.05621,1.00,1.00
2015.08.06 09:02:43.933,2.05581,2.05618,1.00,1.00
2015.08.06 09:02:44.156,2.05581,2.0562,1.00,1.00
2015.08.06 09:02:44.207,2.05573,2.05619,1.50,1.00
2015.08.06 09:02:44.560,2.05569,2.05615,1.50,1.00
2015.08.06 09:02:45.073,2.05568,2.05614,1.00,1.00
2015.08.06 09:02:45.224,2.05566,2.05613,1.00,1.00
2015.08.06 09:02:45.579,2.05565,2.0561,1.00,1.00
2015.08.06 09:02:45.680,2.05566,2.05612,1.00,1.00
2015.08.06 09:02:45.781,2.05568,2.05615,1.00,1.00
2015.08.06 09:02:45.882,2.05566,2.05613,1.00,1.00
2015.08.06 09:02:46.405,2.05567,2.05613,1.00,1.00
2015.08.06 09:02:46.945,2.05568,2.05614,1.00,1.00
2015.08.06 09:02:47.199,2.05565,2.05613,1.00,1.00
2015.08.06 09:02:47.350,2.05564,2.05611,1.00,1.00
2015.08.06 09:02:47.706,2.05563,2.05608,1.00,1.00
2015.08.06 09:02:48.009,2.05567,2.05612,1.00,1.00
2015.08.06 09:02:48.311,2.05587,2.05615,1.00,1.00
2015.08.06 09:02:48.836,2.05587,2.05614,1.00,1.00
2015.08.06 09:02:48.887,2.05587,2.05616,1.00,1.00
2015.08.06 09:02:49.291,2.05587,2.05614,1.00,1.00
2015.08.06 09:02:49.493,2.05583,2.05613,1.00,1.00
2015.08.06 09:02:49.644,2.05583,2.05615,1.00,1.00
2015.08.06 09:02:50.167,2.05583,2.05614,1.00,1.00
2015.08.06 09:02:50.454,2.05583,2.05612,1.00,1.00
2015.08.06 09:02:50.555,2.05572,2.05614,1.00,1.00
2015.08.06 09:02:50.606,2.05568,2.05614,1.00,1.00
2015.08.06 09:02:50.657,2.05578,2.05613,1.00,1.00
2015.08.06 09:02:50.954,2.05578,2.05616,1.00,1.00
2015.08.06 09:02:51.105,2.0559,2.05619,1.00,1.00
2015.08.06 09:02:51.307,2.05579,2.05617,1.00,1.00
2015.08.06 09:02:51.357,2.05591,2.05619,1.00,1.00
2015.08.06 09:02:51.660,2.05591,2.05623,1.00,1.00
2015.08.06 09:02:52.033,2.05591,2.05618,1.00,1.00
2015.08.06 09:02:52.540,2.05592,2.05618,1.00,1.00
2015.08.06 09:02:52.843,2.05592,2.05616,1.00,1.00
2015.08.06 09:02:53.223,2.05588,2.05618,1.00,1.00
2015.08.06 09:02:53.324,2.05588,2.05615,1.00,1.00
2015.08.06 09:02:53.475,2.05578,2.05612,1.00,1.00
2015.08.06 09:02:53.526,2.05578,2.05614,1.00,1.00
2015.08.06 09:02:53.852,2.05578,2.05616,1.00,1.00
2015.08.06 09:02:54.054,2.05586,2.05616,1.00,1.00
2015.08.06 09:02:54.329,2.05578,2.05617,1.00,1.00
2015.08.06 09:02:54.481,2.05578,2.05613,1.00,1.00
2015.08.06 09:02:54.532,2.05578,2.05617,1.00,1.00
2015.08.06 09:02:54.633,2.05578,2.05614,1.00,1.00
2015.08.06 09:02:55.001,2.05583,2.05617,1.00,1.00
2015.08.06 09:02:55.302,2.05578,2.05614,1.00,1.00
2015.08.06 09:02:56.052,2.05588,2.05617,1.00,1.00
2015.08.06 09:02:56.609,2.05588,2.05618,1.00,1.00
2015.08.06 09:02:56.710,2.05578,2.05618,1.00,1.00
2015.08.06 09:02:56.862,2.05578,2.05615,1.00,1.00
2015.08.06 09:02:56.963,2.05578,2.05617,1.00,1.00
2015.08.06 09:02:57.014,2.05578,2.05614,1.00,1.00
2015.08.06 09:02:57.115,2.05573,2.05614,1.00,1.00
2015.08.06 09:02:57.618,2.05573,2.0561,1.00,1.00
2015.08.06 09:02:58.027,2.05574,2.05606,1.00,1.00
2015.08.06 09:02:58.129,2.05568,2.05606,1.00,1.00
2015.08.06 09:02:58.381,2.05577,2.05606,1.00,1.00
2015.08.06 09:02:58.533,2.05574,2.05604,1.00,1.00
2015.08.06 09:02:58.836,2.05563,2.05601,1.00,1.00
2015.08.06 09:02:59.563,2.05563,2.05602,1.00,1.00
2015.08.06 09:02:59.871,2.05568,2.05602,1.00,1.00
2015.08.06 09:03:00.072,2.05564,2.05603,1.00,1.87
2015.08.06 09:03:00.585,2.05563,2.05603,1.00,1.37
2015.08.06 09:03:01.844,2.05558,2.05603,1.50,1.87
2015.08.06 09:03:01.902,2.05558,2.05595,1.00,1.00
2015.08.06 09:03:02.406,2.05554,2.05594,1.00,1.00
2015.08.06 09:03:02.457,2.05554,2.05584,1.00,1.00
2015.08.06 09:03:02.507,2.05565,2.05596,1.00,1.00
2015.08.06 09:03:03.017,2.05565,2.05597,1.00,1.00
2015.08.06 09:03:03.233,2.05565,2.05599,1.00,1.00
2015.08.06 09:03:03.284,2.05558,2.05584,1.00,1.00
2015.08.06 09:03:03.789,2.05558,2.05583,1.00,1.00
2015.08.06 09:03:03.839,2.05558,2.05597,1.00,1.50
2015.08.06 09:03:04.093,2.05568,2.05597,1.00,1.00
2015.08.06 09:03:04.598,2.05568,2.05598,1.00,1.00
2015.08.06 09:03:04.699,2.05558,2.05595,1.00,1.00
2015.08.06 09:03:04.800,2.05558,2.05593,1.00,1.00
2015.08.06 09:03:04.901,2.05558,2.05596,1.00,1.00
2015.08.06 09:03:04.952,2.05553,2.05596,1.50,1.00
2015.08.06 09:03:05.303,2.05558,2.05596,1.00,1.00
2015.08.06 09:03:06.631,2.05559,2.05596,1.00,1.00
2015.08.06 09:03:06.682,2.05563,2.05601,1.00,1.00
2015.08.06 09:03:07.645,2.05558,2.05601,1.00,1.00
2015.08.06 09:03:07.814,2.05558,2.05598,1.00,1.00
2015.08.06 09:03:08.345,2.05558,2.05582,1.00,1.00
2015.08.06 09:03:08.497,2.05558,2.05599,1.00,1.00
2015.08.06 09:03:08.613,2.05558,2.05597,1.00,1.00
2015.08.06 09:03:08.916,2.05558,2.05594,1.00,1.00
2015.08.06 09:03:09.421,2.05559,2.05594,1.00,1.00
2015.08.06 09:03:09.475,2.05554,2.05594,1.00,1.00
2015.08.06 09:03:09.602,2.05558,2.05594,1.00,1.00
2015.08.06 09:03:14.115,2.05554,2.05596,1.00,1.00
2015.08.06 09:03:14.216,2.05554,2.05589,1.00,1.00
2015.08.06 09:03:14.317,2.05548,2.05586,1.00,1.00
2015.08.06 09:03:14.368,2.05548,2.05583,1.00,1.00
2015.08.06 09:03:14.469,2.05548,2.05586,1.00,1.00
2015.08.06 09:03:14.695,2.05546,2.05585,1.00,1.00
2015.08.06 09:03:14.797,2.05549,2.05585,1.00,1.00
2015.08.06 09:03:14.899,2.05548,2.05588,1.00,1.12
2015.08.06 09:03:15.000,2.05548,2.05591,1.00,1.00
2015.08.06 09:03:15.051,2.05561,2.05591,1.00,1.00
2015.08.06 09:03:15.102,2.05561,2.05593,1.00,1.12
2015.08.06 09:03:15.556,2.05561,2.05591,1.00,1.00
2015.08.06 09:03:16.067,2.05561,2.0559,1.00,1.00
2015.08.06 09:03:16.219,2.05561,2.05592,1.00,1.12
2015.08.06 09:03:16.622,2.05561,2.0559,1.00,1.00
2015.08.06 09:03:17.169,2.05561,2.05589,1.00,1.00
2015.08.06 09:03:17.320,2.05561,2.05592,1.00,1.00
2015.08.06 09:03:17.850,2.05561,2.0559,1.00,1.00
2015.08.06 09:03:18.553,2.05561,2.05591,1.00,1.00
2015.08.06 09:03:18.856,2.05561,2.05589,1.00,1.00
2015.08.06 09:03:19.158,2.05561,2.05585,1.00,1.00
2015.08.06 09:03:19.259,2.05561,2.05587,1.00,1.00
2015.08.06 09:03:19.611,2.05561,2.05589,1.00,1.00
2015.08.06 09:03:19.927,2.05561,2.05587,1.00,1.00
2015.08.06 09:03:20.188,2.05561,2.0559,1.00,1.00
2015.08.06 09:03:21.034,2.05561,2.05592,1.00,1.00
2015.08.06 09:03:21.235,2.05561,2.0559,1.00,1.00
2015.08.06 09:03:21.519,2.05544,2.05579,1.00,1.00
2015.08.06 09:03:21.721,2.05544,2.05576,1.00,1.00
2015.08.06 09:03:22.174,2.05543,2.05578,1.00,1.00
2015.08.06 09:03:22.727,2.05558,2.05589,1.00,1.00
2015.08.06 09:03:22.779,2.05558,2.05591,1.00,1.00
2015.08.06 09:03:22.931,2.05558,2.05588,1.00,1.00
2015.08.06 09:03:23.133,2.05558,2.05592,1.00,1.00
2015.08.06 09:03:23.353,2.05558,2.05589,1.00,1.00
2015.08.06 09:03:23.656,2.05558,2.05587,1.00,1.00
2015.08.06 09:03:24.576,2.05558,2.05586,1.00,1.00
2015.08.06 09:03:27.504,2.05558,2.05585,1.00,1.00
2015.08.06 09:03:27.554,2.05556,2.05585,1.00,1.00
2015.08.06 09:03:27.756,2.05556,2.05583,1.00,1.00
2015.08.06 09:03:27.857,2.05549,2.05583,1.00,1.00
2015.08.06 09:03:28.158,2.05538,2.05579,1.50,1.00
2015.08.06 09:03:28.413,2.05544,2.05579,1.00,1.00
2015.08.06 09:03:28.615,2.05539,2.05579,1.50,1.00
2015.08.06 09:03:29.321,2.05536,2.05576,1.50,1.00
2015.08.06 09:03:29.372,2.05536,2.0558,1.00,1.50
2015.08.06 09:03:29.424,2.05532,2.05578,1.00,1.00
2015.08.06 09:03:29.525,2.0553,2.05578,1.00,2.25
2015.08.06 09:03:29.575,2.0553,2.05574,1.00,1.00
2015.08.06 09:03:29.878,2.05529,2.05572,2.25,1.00
2015.08.06 09:03:29.956,2.05529,2.05574,1.50,1.00
2015.08.06 09:03:30.057,2.05533,2.05574,1.00,1.00
2015.08.06 09:03:30.108,2.05533,2.05576,1.00,1.50
2015.08.06 09:03:30.333,2.05534,2.05578,1.00,1.00
2015.08.06 09:03:30.383,2.05536,2.05578,1.00,1.00
2015.08.06 09:03:30.686,2.05546,2.05578,1.00,1.00
2015.08.06 09:03:30.988,2.05534,2.05576,1.00,1.00
2015.08.06 09:03:31.571,2.05533,2.05576,1.00,1.00
2015.08.06 09:03:31.622,2.05531,2.05576,1.00,1.00
2015.08.06 09:03:31.723,2.05533,2.05577,1.00,1.50
2015.08.06 09:03:32.028,2.05535,2.05577,1.00,1.00
2015.08.06 09:03:32.330,2.05539,2.0558,1.00,1.00
2015.08.06 09:03:32.381,2.05535,2.0558,1.00,1.00
2015.08.06 09:03:32.482,2.05534,2.05578,1.50,1.00
2015.08.06 09:03:32.843,2.05528,2.05573,1.50,1.00
2015.08.06 09:03:33.246,2.05528,2.05571,1.00,1.00
2015.08.06 09:03:33.348,2.05528,2.05573,1.00,1.00
2015.08.06 09:03:33.449,2.05529,2.05575,1.00,1.00
2015.08.06 09:03:34.060,2.05529,2.05574,1.00,1.00
2015.08.06 09:03:34.111,2.05534,2.05578,1.00,1.12
2015.08.06 09:03:34.364,2.05531,2.05576,1.00,1.00
2015.08.06 09:03:34.465,2.05535,2.05577,1.00,1.00
2015.08.06 09:03:34.616,2.05533,2.05577,1.00,1.00
2015.08.06 09:03:34.667,2.05532,2.05575,1.00,1.00
2015.08.06 09:03:34.970,2.05529,2.05572,1.50,1.00
2015.08.06 09:03:35.520,2.05529,2.05573,1.00,1.00
2015.08.06 09:03:36.027,2.05529,2.05574,1.00,1.00
2015.08.06 09:03:36.429,2.05528,2.0557,1.00,1.00
2015.08.06 09:03:36.881,2.05529,2.05574,1.00,1.00
2015.08.06 09:03:36.997,2.05528,2.05571,1.00,1.00
2015.08.06 09:03:37.103,2.0553,2.05574,1.00,1.00
2015.08.06 09:03:37.204,2.05528,2.05571,1.00,1.00
2015.08.06 09:03:37.517,2.05528,2.05569,1.00,1.00
2015.08.06 09:03:37.750,2.05528,2.05572,1.50,1.00
2015.08.06 09:03:38.011,2.05528,2.05568,1.00,1.00
2015.08.06 09:03:38.314,2.05529,2.05554,1.00,1.00
2015.08.06 09:03:39.090,2.05529,2.05555,1.00,1.00
2015.08.06 09:03:39.244,2.05529,2.05569,1.00,1.00
2015.08.06 09:03:39.295,2.05529,2.05573,1.00,1.00
2015.08.06 09:03:39.708,2.05529,2.05553,1.00,1.00
2015.08.06 09:03:39.960,2.05529,2.0557,1.00,1.00
2015.08.06 09:03:40.162,2.05529,2.05574,1.00,1.00
2015.08.06 09:03:40.213,2.05529,2.05574,1.00,1.37
2015.08.06 09:03:40.724,2.05528,2.05573,1.00,1.12
2015.08.06 09:03:41.026,2.05523,2.05564,2.25,1.00
2015.08.06 09:03:41.329,2.05534,2.05563,1.00,1.00
2015.08.06 09:03:41.380,2.05534,2.05565,1.00,1.00
2015.08.06 09:03:41.480,2.05534,2.05562,1.00,1.00
2015.08.06 09:03:41.734,2.05534,2.05564,1.00,1.00
2015.08.06 09:03:41.835,2.05533,2.05568,1.00,1.37
2015.08.06 09:03:41.936,2.05544,2.05573,1.00,1.12
2015.08.06 09:03:42.037,2.05541,2.05575,1.00,1.37
2015.08.06 09:03:42.238,2.05541,2.05575,1.00,1.00
2015.08.06 09:03:42.390,2.05541,2.05573,1.00,1.00
2015.08.06 09:03:42.924,2.05541,2.05574,1.00,1.00
2015.08.06 09:03:43.026,2.05541,2.05578,1.00,1.37
2015.08.06 09:03:43.480,2.05541,2.05579,1.00,1.00
2015.08.06 09:03:43.931,2.05541,2.05577,1.00,1.00
2015.08.06 09:03:44.134,2.05541,2.05579,1.00,1.50
2015.08.06 09:03:45.282,2.05544,2.05581,1.00,1.00
2015.08.06 09:03:45.585,2.05533,2.05558,1.00,1.00
2015.08.06 09:03:45.686,2.05533,2.05575,1.00,1.00
2015.08.06 09:03:45.787,2.05533,2.05573,1.00,1.00
2015.08.06 09:03:46.123,2.05528,2.05573,1.50,1.00
2015.08.06 09:03:46.173,2.05531,2.05573,1.00,1.00
2015.08.06 09:03:46.224,2.05529,2.05573,1.00,1.87
2015.08.06 09:03:46.376,2.05528,2.05556,1.00,1.00
2015.08.06 09:03:46.426,2.05528,2.05565,1.00,1.00
2015.08.06 09:03:46.477,2.05536,2.05571,1.00,1.00
2015.08.06 09:03:46.779,2.05536,2.05568,1.00,1.37
2015.08.06 09:03:47.036,2.05536,2.05571,1.00,1.00
2015.08.06 09:03:47.087,2.05536,2.05574,1.00,1.37
2015.08.06 09:03:47.291,2.05533,2.05571,1.00,1.00
2015.08.06 09:03:47.392,2.05542,2.05577,1.00,1.00
2015.08.06 09:03:47.694,2.05545,2.05578,1.00,1.00
2015.08.06 09:03:47.997,2.05534,2.05578,1.50,1.00
2015.08.06 09:03:48.631,2.05534,2.05576,1.00,1.00
2015.08.06 09:03:49.622,2.05534,2.05575,1.00,1.00
2015.08.06 09:03:49.894,2.05524,2.05569,1.50,1.50
2015.08.06 09:03:51.077,2.05533,2.05569,1.00,1.00
2015.08.06 09:03:51.279,2.0553,2.0557,1.00,1.00
2015.08.06 09:03:51.330,2.05537,2.0557,1.00,1.00
2015.08.06 09:03:51.380,2.05537,2.05575,1.00,1.37
2015.08.06 09:03:51.532,2.05523,2.05569,1.50,1.00
2015.08.06 09:03:51.633,2.05525,2.0557,1.00,1.00
2015.08.06 09:03:51.936,2.05536,2.0557,1.00,1.00
2015.08.06 09:03:52.188,2.05536,2.05573,1.00,1.12
2015.08.06 09:03:52.390,2.05528,2.05571,1.00,1.00
2015.08.06 09:03:52.592,2.05535,2.05574,1.00,1.37
2015.08.06 09:03:52.854,2.05528,2.05571,1.50,1.00
2015.08.06 09:03:53.458,2.05527,2.05573,1.00,1.87
2015.08.06 09:03:53.952,2.05525,2.0557,1.00,1.00
2015.08.06 09:03:54.603,2.05527,2.05571,1.00,1.00
2015.08.06 09:03:55.007,2.05526,2.05573,1.00,1.87
2015.08.06 09:03:55.377,2.05526,2.05569,1.00,1.00
2015.08.06 09:03:56.016,2.05528,2.05569,1.00,1.00
2015.08.06 09:03:56.533,2.05529,2.05569,1.00,1.00
2015.08.06 09:03:57.166,2.05535,2.05576,1.00,1.00
2015.08.06 09:03:57.439,2.05535,2.05574,1.00,1.37
2015.08.06 09:03:57.574,2.05523,2.05567,1.00,1.00
2015.08.06 09:03:57.675,2.05525,2.0557,1.00,1.50
2015.08.06 09:03:57.777,2.05523,2.05566,1.00,1.00
2015.08.06 09:03:58.305,2.05523,2.05567,1.00,1.50
2015.08.06 09:03:58.881,2.05524,2.05567,1.00,1.00
2015.08.06 09:03:59.320,2.0554,2.05573,1.00,1.00
2015.08.06 09:03:59.372,2.0554,2.05581,1.00,1.00
2015.08.06 09:03:59.885,2.0554,2.05575,1.00,1.00
2015.08.06 09:03:59.987,2.05528,2.05571,1.00,1.00
2015.08.06 09:04:00.038,2.05538,2.05571,1.00,1.00
2015.08.06 09:04:00.088,2.05528,2.05569,1.00,1.00
2015.08.06 09:04:00.510,2.05539,2.05578,1.00,1.12
2015.08.06 09:04:00.813,2.05539,2.05576,1.00,1.00
2015.08.06 09:04:01.428,2.05539,2.05577,1.00,1.12
2015.08.06 09:04:01.753,2.05539,2.05575,1.00,1.00
2015.08.06 09:04:02.073,2.05542,2.05575,1.00,1.00
2015.08.06 09:04:02.649,2.05542,2.05576,1.00,1.50
2015.08.06 09:04:02.964,2.05542,2.05574,1.00,1.00
2015.08.06 09:04:03.065,2.05542,2.05576,1.00,1.00
2015.08.06 09:04:03.166,2.05542,2.05578,1.00,1.12
2015.08.06 09:04:03.570,2.05537,2.05577,1.00,1.00
2015.08.06 09:04:03.621,2.05537,2.05574,1.00,1.00
2015.08.06 09:04:03.958,2.05537,2.05572,1.00,1.12
2015.08.06 09:04:04.304,2.05537,2.0557,1.00,1.00
2015.08.06 09:04:04.607,2.05537,2.05572,1.00,1.12
2015.08.06 09:04:04.758,2.05537,2.05575,1.00,1.00
2015.08.06 09:04:04.810,2.05537,2.05578,1.00,1.37
2015.08.06 09:04:05.213,2.05531,2.05577,1.00,1.00
2015.08.06 09:04:06.236,2.05532,2.05576,1.00,1.50
2015.08.06 09:04:06.829,2.05533,2.05576,1.00,1.00
2015.08.06 09:04:07.585,2.05531,2.05576,1.00,1.00
2015.08.06 09:04:08.002,2.05534,2.05576,1.00,1.00
2015.08.06 09:04:08.230,2.05534,2.05578,1.00,1.12
2015.08.06 09:04:08.738,2.05535,2.05577,1.00,1.12
2015.08.06 09:04:09.213,2.05533,2.05578,1.50,1.12
2015.08.06 09:04:09.747,2.05534,2.05578,1.00,1.12
2015.08.06 09:04:10.292,2.05534,2.05578,1.00,1.37
2015.08.06 09:04:10.393,2.05534,2.05562,1.00,1.00
2015.08.06 09:04:10.494,2.05534,2.05574,1.00,1.00
2015.08.06 09:04:10.646,2.05534,2.05562,1.00,1.00
2015.08.06 09:04:10.747,2.05533,2.05576,1.50,1.00
2015.08.06 09:04:11.426,2.05538,2.05576,1.00,1.00
2015.08.06 09:04:11.729,2.05528,2.05561,1.50,1.00
2015.08.06 09:04:11.780,2.05528,2.05572,1.50,1.12
2015.08.06 09:04:11.881,2.05536,2.05573,1.00,1.12
2015.08.06 09:04:12.591,2.05536,2.05569,1.00,1.00
2015.08.06 09:04:12.642,2.05528,2.05566,1.00,1.00
2015.08.06 09:04:12.693,2.05528,2.05569,1.00,1.37
2015.08.06 09:04:13.196,2.05528,2.05569,1.00,1.37
2015.08.06 09:04:13.706,2.05528,2.05569,1.00,1.37
2015.08.06 09:04:14.125,2.05529,2.05564,1.00,1.00
2015.08.06 09:04:14.176,2.05519,2.05564,1.00,1.00
2015.08.06 09:04:14.327,2.05519,2.05562,1.00,1.00
2015.08.06 09:04:14.833,2.05518,2.05561,1.50,1.00
2015.08.06 09:04:15.200,2.05523,2.05561,1.00,1.00
2015.08.06 09:04:16.929,2.05524,2.05561,1.00,1.00
2015.08.06 09:04:17.210,2.05524,2.05563,1.00,1.12
2015.08.06 09:04:17.614,2.05524,2.05565,1.00,1.00
2015.08.06 09:04:18.163,2.05524,2.05566,1.00,1.00
2015.08.06 09:04:18.373,2.05523,2.05563,1.00,1.00
2015.08.06 09:04:18.574,2.05521,2.05563,1.00,1.00
2015.08.06 09:04:18.932,2.05518,2.05556,1.00,1.00
2015.08.06 09:04:19.244,2.05518,2.05544,1.00,1.00
2015.08.06 09:04:19.396,2.05519,2.05559,1.00,1.37
2015.08.06 09:04:19.547,2.05519,2.0556,1.00,1.00
2015.08.06 09:04:19.598,2.05519,2.05562,1.00,1.00
2015.08.06 09:04:20.129,2.0552,2.05563,1.00,1.87
2015.08.06 09:04:21.283,2.0552,2.05563,1.00,1.87
2015.08.06 09:04:21.534,2.05527,2.05563,1.00,1.12
2015.08.06 09:04:21.585,2.05518,2.0556,1.00,1.00
2015.08.06 09:04:21.745,2.05523,2.05562,1.00,1.12
2015.08.06 09:04:21.948,2.05519,2.05561,1.00,1.00
2015.08.06 09:04:22.049,2.05519,2.05564,1.00,1.37
2015.08.06 09:04:22.100,2.05528,2.05564,1.00,1.37
2015.08.06 09:04:22.301,2.0553,2.0557,1.00,1.00
2015.08.06 09:04:22.454,2.0553,2.05573,1.50,1.00
2015.08.06 09:04:22.587,2.05531,2.05575,1.00,1.50
2015.08.06 09:04:22.866,2.05533,2.05575,1.00,1.00
2015.08.06 09:04:23.169,2.05533,2.0557,1.00,1.00
2015.08.06 09:04:23.320,2.05527,2.05569,1.00,1.00
2015.08.06 09:04:23.371,2.05524,2.05569,1.00,1.50
2015.08.06 09:04:23.472,2.0552,2.05563,1.50,1.00
2015.08.06 09:04:23.674,2.05521,2.05566,1.00,1.50
2015.08.06 09:04:23.775,2.05523,2.05566,1.00,1.00
2015.08.06 09:04:24.755,2.05523,2.05567,1.00,1.87
2015.08.06 09:04:24.907,2.05523,2.05569,1.50,1.00
2015.08.06 09:04:24.958,2.05535,2.05569,1.00,1.00
2015.08.06 09:04:25.008,2.05524,2.0557,1.00,1.00
2015.08.06 09:04:25.236,2.05529,2.05573,1.00,1.87
2015.08.06 09:04:25.387,2.05526,2.05573,1.00,1.12
2015.08.06 09:04:25.438,2.05524,2.0557,1.00,1.00
2015.08.06 09:04:25.740,2.05524,2.05566,1.00,1.00
2015.08.06 09:04:26.092,2.05523,2.05564,1.00,1.00
2015.08.06 09:04:26.323,2.05524,2.05568,1.00,1.12
2015.08.06 09:04:26.582,2.05524,2.0557,1.50,1.50
2015.08.06 09:04:27.331,2.05525,2.0557,1.00,1.50
2015.08.06 09:04:29.512,2.05526,2.0557,1.00,1.50
2015.08.06 09:04:29.793,2.05526,2.05568,1.00,1.00
2015.08.06 09:04:30.760,2.05526,2.0557,1.00,1.00
2015.08.06 09:04:30.953,2.05526,2.05572,1.00,1.12
2015.08.06 09:04:31.862,2.05526,2.05571,1.00,1.00
2015.08.06 09:04:32.541,2.05525,2.05568,1.00,1.00
2015.08.06 09:04:32.698,2.05526,2.05571,1.00,1.00
2015.08.06 09:04:33.032,2.05526,2.05573,1.00,1.87
2015.08.06 09:04:33.367,2.05526,2.05571,1.00,1.00
2015.08.06 09:04:33.669,2.05528,2.05569,1.00,1.37
2015.08.06 09:04:34.018,2.05528,2.05564,1.50,1.00
2015.08.06 09:04:34.792,2.05538,2.05572,1.00,1.00
2015.08.06 09:04:35.195,2.05538,2.05574,1.00,1.00
2015.08.06 09:04:35.677,2.05538,2.05572,1.00,1.00
2015.08.06 09:04:35.778,2.05538,2.05574,1.00,1.00
2015.08.06 09:04:35.879,2.05538,2.05571,1.00,1.00
2015.08.06 09:04:36.182,2.05543,2.05568,1.00,1.00
2015.08.06 09:04:36.692,2.05544,2.05578,1.00,1.00
2015.08.06 09:04:37.398,2.0554,2.05578,1.00,1.00
2015.08.06 09:04:37.549,2.0554,2.05576,1.00,1.00
2015.08.06 09:04:37.865,2.05534,2.05569,1.00,1.50
2015.08.06 09:04:38.369,2.05534,2.05568,1.00,1.50
2015.08.06 09:04:38.892,2.05534,2.05567,1.00,1.00
2015.08.06 09:04:40.144,2.05533,2.05567,1.00,1.00
2015.08.06 09:04:40.719,2.05534,2.05563,1.00,1.00
2015.08.06 09:04:40.770,2.05535,2.05567,1.00,1.00
2015.08.06 09:04:40.922,2.05524,2.05567,1.00,1.12
2015.08.06 09:04:40.973,2.05524,2.05565,1.00,1.00
2015.08.06 09:04:41.175,2.05521,2.05566,1.00,1.00
2015.08.06 09:04:41.276,2.05518,2.05563,1.50,1.00
2015.08.06 09:04:41.758,2.0552,2.05563,1.00,1.00
2015.08.06 09:04:41.961,2.05521,2.05565,1.00,1.00
2015.08.06 09:04:42.254,2.05519,2.05564,1.00,1.00
2015.08.06 09:04:42.305,2.05521,2.05564,1.00,1.00
2015.08.06 09:04:42.608,2.05518,2.05561,1.50,1.00
2015.08.06 09:04:43.040,2.05516,2.05562,1.00,1.00
2015.08.06 09:04:43.142,2.05518,2.05562,1.00,1.00
2015.08.06 09:04:43.458,2.05532,2.05562,1.00,1.00
2015.08.06 09:04:43.811,2.05532,2.05564,1.00,1.00
2015.08.06 09:04:44.014,2.05532,2.05566,1.00,1.00
2015.08.06 09:04:44.372,2.05532,2.05568,1.00,1.12
2015.08.06 09:04:44.473,2.05534,2.05568,1.00,1.00
2015.08.06 09:04:44.575,2.05525,2.05564,1.00,1.00
2015.08.06 09:04:44.877,2.05529,2.05564,1.00,1.00
2015.08.06 09:04:45.180,2.05536,2.05568,1.00,1.00
2015.08.06 09:04:45.329,2.05529,2.05565,1.00,1.00
2015.08.06 09:04:45.835,2.05529,2.05564,1.00,1.00
2015.08.06 09:04:45.885,2.05536,2.05568,1.00,1.00
2015.08.06 09:04:46.444,2.05536,2.05573,1.00,1.00
2015.08.06 09:04:46.880,2.05536,2.05569,1.00,1.00
2015.08.06 09:04:47.334,2.05536,2.05572,1.00,1.00
2015.08.06 09:04:47.435,2.05536,2.05568,1.00,1.00
2015.08.06 09:04:47.586,2.05528,2.05565,1.00,1.00
2015.08.06 09:04:48.147,2.05536,2.05569,1.00,1.00
2015.08.06 09:04:48.197,2.05538,2.05572,1.00,1.00
2015.08.06 09:04:48.449,2.05538,2.05574,1.00,2.25
2015.08.06 09:04:49.104,2.05538,2.05571,1.00,1.00
2015.08.06 09:04:49.613,2.05538,2.05572,1.00,1.00
2015.08.06 09:04:50.121,2.05538,2.05573,1.00,1.00
2015.08.06 09:04:50.626,2.05538,2.05574,1.00,1.50
2015.08.06 09:04:50.936,2.05538,2.05572,1.00,1.00
2015.08.06 09:04:51.518,2.05538,2.05571,1.00,1.00
2015.08.06 09:04:51.821,2.0554,2.05569,1.00,1.00
2015.08.06 09:04:52.175,2.0554,2.05571,1.00,1.37
2015.08.06 09:04:52.448,2.05528,2.05571,1.00,1.37
2015.08.06 09:04:52.964,2.05528,2.05571,1.00,1.87
2015.08.06 09:04:53.334,2.05541,2.05571,1.00,1.37
2015.08.06 09:04:53.485,2.05541,2.05572,1.00,1.50
2015.08.06 09:04:53.904,2.05541,2.05574,1.00,1.00
2015.08.06 09:04:54.100,2.05545,2.05574,1.00,1.00
2015.08.06 09:04:54.151,2.05545,2.0558,1.00,1.50
2015.08.06 09:04:54.605,2.05545,2.05578,1.00,1.00
2015.08.06 09:04:54.655,2.05539,2.05574,1.00,1.00
2015.08.06 09:04:54.706,2.05539,2.0557,1.00,1.00
2015.08.06 09:04:55.010,2.05539,2.05558,1.00,1.00
2015.08.06 09:04:55.364,2.05538,2.05568,1.00,1.00
2015.08.06 09:04:55.516,2.05538,2.05574,1.50,1.87
2015.08.06 09:04:55.617,2.05538,2.05574,1.50,1.00
2015.08.06 09:04:55.668,2.05538,2.05572,1.00,1.00
2015.08.06 09:04:55.869,2.05539,2.05578,1.00,1.00
2015.08.06 09:04:56.121,2.05539,2.05575,1.00,1.00
2015.08.06 09:04:56.337,2.05539,2.05578,1.00,1.87
2015.08.06 09:04:56.438,2.05539,2.05574,1.00,1.00
2015.08.06 09:04:56.739,2.05538,2.05566,1.00,1.00
2015.08.06 09:04:56.891,2.05534,2.05566,1.00,1.00
2015.08.06 09:04:56.991,2.05529,2.05566,1.00,1.00
2015.08.06 09:04:57.294,2.05536,2.05571,1.00,1.00
2015.08.06 09:04:57.345,2.05536,2.05573,1.00,1.00
2015.08.06 09:04:57.547,2.05536,2.05569,1.00,1.00
2015.08.06 09:04:57.810,2.05536,2.05571,1.00,1.00
2015.08.06 09:04:57.962,2.05533,2.05565,1.00,1.00
2015.08.06 09:04:58.466,2.05534,2.05565,1.00,1.00
2015.08.06 09:04:58.516,2.05535,2.05573,1.00,1.50
2015.08.06 09:05:00.473,2.05534,2.05569,1.00,1.00
2015.08.06 09:05:01.275,2.05534,2.05574,1.50,1.50
2015.08.06 09:05:01.325,2.05544,2.05574,1.00,1.00
2015.08.06 09:05:01.376,2.05544,2.05576,1.00,1.00
2015.08.06 09:05:01.628,2.05538,2.05575,1.00,1.00
2015.08.06 09:05:01.679,2.05533,2.05569,1.50,1.00
2015.08.06 09:05:02.058,2.05531,2.05569,1.00,1.00
2015.08.06 09:05:02.109,2.05529,2.05568,1.50,1.00
2015.08.06 09:05:02.362,2.05529,2.05564,1.00,1.00
2015.08.06 09:05:02.865,2.05528,2.05564,1.00,1.00
2015.08.06 09:05:03.514,2.05527,2.05564,1.00,1.00
2015.08.06 09:05:03.916,2.05529,2.05564,1.00,1.00
2015.08.06 09:05:04.553,2.05531,2.05569,1.00,1.00
2015.08.06 09:05:04.603,2.05533,2.05569,1.00,1.00
2015.08.06 09:05:04.805,2.05536,2.05575,1.00,1.00
2015.08.06 09:05:04.906,2.05539,2.05576,1.50,1.23
2015.08.06 09:05:05.219,2.05539,2.0557,1.00,1.00
2015.08.06 09:05:05.371,2.05539,2.05573,1.00,1.00
2015.08.06 09:05:05.473,2.05539,2.0557,1.00,1.00
2015.08.06 09:05:05.903,2.05538,2.05567,1.00,1.00
2015.08.06 09:05:06.105,2.05533,2.05567,1.00,1.00
2015.08.06 09:05:06.776,2.0553,2.05567,1.00,1.00
2015.08.06 09:05:06.879,2.05534,2.05567,1.00,1.00
2015.08.06 09:05:06.930,2.05534,2.05571,1.00,1.00
2015.08.06 09:05:07.031,2.05541,2.05579,1.00,1.00
2015.08.06 09:05:07.132,2.05544,2.05579,1.00,1.00
2015.08.06 09:05:07.536,2.05548,2.05579,1.00,1.00
2015.08.06 09:05:07.862,2.05548,2.05583,1.00,1.00
2015.08.06 09:05:08.366,2.05551,2.05587,1.00,1.00
2015.08.06 09:05:08.569,2.05551,2.05582,1.00,1.00
2015.08.06 09:05:08.619,2.05539,2.05577,2.25,1.00
2015.08.06 09:05:09.069,2.05539,2.05574,1.00,1.00
2015.08.06 09:05:09.271,2.05539,2.05578,2.25,1.00
2015.08.06 09:05:09.322,2.05543,2.05578,1.00,1.00
2015.08.06 09:05:09.624,2.0555,2.05583,1.00,1.00
2015.08.06 09:05:09.725,2.0555,2.05588,1.00,1.50
2015.08.06 09:05:09.877,2.0555,2.05586,1.00,1.00
2015.08.06 09:05:10.186,2.05541,2.05575,1.00,1.00
2015.08.06 09:05:10.764,2.05542,2.05575,1.00,1.00
2015.08.06 09:05:13.084,2.05539,2.05575,1.00,1.00
2015.08.06 09:05:13.626,2.0554,2.05575,1.00,1.00
2015.08.06 09:05:13.907,2.05542,2.05575,1.00,1.00
2015.08.06 09:05:14.294,2.05539,2.05575,1.00,1.00
2015.08.06 09:05:17.362,2.0554,2.05575,1.00,1.00
2015.08.06 09:05:17.893,2.05539,2.05575,1.50,1.00
2015.08.06 09:05:18.145,2.05542,2.0558,1.00,1.00
2015.08.06 09:05:18.668,2.05543,2.0558,1.00,1.00
2015.08.06 09:05:19.795,2.05545,2.0558,1.00,1.00
2015.08.06 09:05:20.101,2.05548,2.0558,1.00,1.00
2015.08.06 09:05:20.202,2.05557,2.05593,1.00,1.00
2015.08.06 09:05:20.253,2.05553,2.0559,1.00,1.00
2015.08.06 09:05:20.405,2.05559,2.05597,1.00,1.00
2015.08.06 09:05:25.696,2.05562,2.056,1.00,1.00
2015.08.06 09:05:26.050,2.0556,2.05595,1.00,1.00
2015.08.06 09:05:26.201,2.05566,2.05605,1.00,1.50
2015.08.06 09:05:26.737,2.05566,2.05604,1.00,1.00
2015.08.06 09:05:27.437,2.05566,2.05605,1.00,1.50
2015.08.06 09:05:27.958,2.05566,2.05604,1.00,1.00
2015.08.06 09:05:28.578,2.05566,2.05605,1.00,1.00
2015.08.06 09:05:29.043,2.05564,2.05602,1.00,1.00
2015.08.06 09:05:29.346,2.05559,2.05593,1.00,1.00
2015.08.06 09:05:29.749,2.05564,2.05603,1.00,1.50
2015.08.06 09:05:30.333,2.05568,2.05603,1.00,1.00
2015.08.06 09:05:30.636,2.05573,2.05598,1.00,1.00
2015.08.06 09:05:30.686,2.05573,2.05602,1.00,1.00
2015.08.06 09:05:30.737,2.05573,2.05607,1.00,1.00
2015.08.06 09:05:31.318,2.05571,2.05601,1.00,1.00
2015.08.06 09:05:31.419,2.05568,2.05601,1.00,1.00
2015.08.06 09:05:31.470,2.05568,2.05595,1.00,1.00
2015.08.06 09:05:31.774,2.05568,2.05593,1.00,1.00
2015.08.06 09:05:32.057,2.05568,2.05595,1.00,1.00
2015.08.06 09:05:32.577,2.05569,2.05595,1.00,1.00
2015.08.06 09:05:33.387,2.05568,2.05605,1.50,1.00
2015.08.06 09:05:33.438,2.05568,2.056,1.00,1.00
2015.08.06 09:05:33.862,2.05568,2.05596,1.00,1.00
2015.08.06 09:05:34.421,2.05569,2.05596,1.00,1.00
2015.08.06 09:05:36.491,2.05568,2.05596,1.00,1.00
2015.08.06 09:05:37.192,2.05568,2.05592,1.00,1.00
2015.08.06 09:05:37.708,2.05568,2.05595,1.00,1.00
2015.08.06 09:05:39.921,2.05563,2.05595,1.00,1.00
2015.08.06 09:05:40.173,2.05563,2.05593,1.00,1.00
2015.08.06 09:05:40.576,2.05568,2.05593,1.00,1.00
2015.08.06 09:05:41.023,2.05568,2.05597,1.00,1.00
2015.08.06 09:05:41.124,2.05568,2.05594,1.00,1.00
2015.08.06 09:05:41.426,2.05568,2.05598,1.00,1.00
2015.08.06 09:05:41.678,2.05568,2.05594,1.00,1.00
2015.08.06 09:05:41.980,2.05563,2.05594,1.00,1.00
2015.08.06 09:05:42.419,2.05557,2.05594,1.00,1.00
2015.08.06 09:05:42.621,2.05553,2.0559,1.50,1.00
2015.08.06 09:05:42.981,2.05555,2.0559,1.00,1.00
2015.08.06 09:05:43.494,2.05555,2.05594,1.50,1.00
2015.08.06 09:05:43.645,2.05557,2.05594,1.00,1.00
2015.08.06 09:05:44.299,2.05556,2.05594,1.00,1.00
2015.08.06 09:05:44.837,2.0556,2.05594,1.00,1.00
2015.08.06 09:05:44.888,2.05563,2.05602,1.00,1.50
2015.08.06 09:05:44.992,2.0556,2.05594,1.00,1.00
2015.08.06 09:05:45.374,2.05564,2.05602,1.00,1.50
2015.08.06 09:05:45.626,2.05561,2.05593,1.00,1.00
2015.08.06 09:05:45.727,2.05556,2.05593,1.00,1.00
2015.08.06 09:05:46.043,2.05555,2.05589,1.00,1.00
2015.08.06 09:05:49.720,2.05558,2.05596,1.00,1.00
2015.08.06 09:05:49.871,2.05556,2.05592,1.00,1.00
2015.08.06 09:05:49.922,2.05554,2.05592,1.00,1.00
2015.08.06 09:05:49.973,2.05553,2.05587,1.00,1.00
2015.08.06 09:05:50.310,2.0553,2.05569,1.00,1.00
2015.08.06 09:05:50.361,2.05528,2.05561,1.00,1.00
2015.08.06 09:05:50.778,2.05531,2.0557,1.00,1.37
2015.08.06 09:05:50.879,2.05531,2.0557,1.00,1.00
2015.08.06 09:05:50.929,2.05534,2.05573,1.00,1.00
2015.08.06 09:05:51.333,2.05544,2.05573,1.00,1.00
2015.08.06 09:05:51.434,2.05538,2.05569,1.00,1.00
2015.08.06 09:05:51.485,2.05538,2.05566,1.00,1.00
2015.08.06 09:05:52.090,2.05543,2.05566,1.00,1.00
2015.08.06 09:05:52.394,2.05543,2.05572,1.00,1.00
2015.08.06 09:05:52.747,2.05538,2.05572,1.00,1.00
2015.08.06 09:05:52.898,2.05543,2.05572,1.00,1.00
2015.08.06 09:05:53.100,2.05539,2.05572,1.00,1.00
2015.08.06 09:05:53.559,2.05544,2.05572,1.00,1.00
2015.08.06 09:05:53.610,2.05544,2.05578,1.00,1.00
2015.08.06 09:05:53.661,2.05541,2.05579,1.00,1.00
2015.08.06 09:05:53.813,2.05545,2.05582,1.00,1.00
2015.08.06 09:05:53.914,2.05547,2.05586,1.00,1.00
2015.08.06 09:05:54.267,2.05545,2.05582,1.00,1.00
2015.08.06 09:05:54.580,2.05549,2.05582,1.00,1.00
2015.08.06 09:05:54.631,2.0555,2.05589,1.00,1.00
2015.08.06 09:05:56.713,2.05553,2.05589,1.00,1.00
2015.08.06 09:05:58.878,2.05554,2.05591,1.00,1.00
2015.08.06 09:05:59.030,2.05553,2.05587,1.00,1.00
2015.08.06 09:06:01.335,2.0555,2.05587,1.00,1.00
2015.08.06 09:06:01.871,2.05553,2.05587,1.00,1.00
2015.08.06 09:06:03.048,2.0555,2.05587,1.50,1.00
2015.08.06 09:06:03.099,2.05553,2.05587,1.00,1.00
2015.08.06 09:06:03.617,2.05554,2.05587,1.50,1.00
2015.08.06 09:06:04.132,2.05556,2.05587,1.00,1.00
2015.08.06 09:06:04.183,2.05554,2.05586,1.00,1.00
2015.08.06 09:06:04.747,2.05553,2.05586,1.00,1.00
2015.08.06 09:06:05.453,2.05556,2.05586,1.00,1.00
2015.08.06 09:06:05.555,2.05556,2.05591,1.00,1.00
2015.08.06 09:06:06.060,2.05555,2.05591,1.00,1.00
2015.08.06 09:06:06.162,2.05553,2.05584,1.00,1.00
2015.08.06 09:06:06.869,2.05553,2.05582,1.00,1.00
2015.08.06 09:06:07.407,2.05554,2.05582,1.00,1.00
2015.08.06 09:06:07.508,2.05554,2.05588,1.00,1.00
2015.08.06 09:06:08.919,2.05554,2.05582,1.00,1.00
2015.08.06 09:06:09.423,2.05554,2.0559,1.00,1.00
2015.08.06 09:06:10.469,2.05553,2.0559,1.00,1.00
2015.08.06 09:06:10.519,2.05553,2.0559,1.00,1.37
2015.08.06 09:06:10.570,2.05551,2.0559,1.00,1.37
2015.08.06 09:06:10.621,2.05551,2.0559,1.00,1.00
2015.08.06 09:06:10.672,2.05551,2.05588,1.00,1.00
2015.08.06 09:06:11.035,2.05551,2.0559,1.00,1.00
2015.08.06 09:06:11.085,2.05545,2.05582,1.00,1.00
2015.08.06 09:06:11.237,2.05554,2.05592,1.00,1.00
2015.08.06 09:06:11.489,2.05553,2.05588,1.00,1.00
2015.08.06 09:06:11.791,2.05555,2.05588,1.00,1.00
2015.08.06 09:06:12.483,2.05553,2.05588,1.00,1.00
2015.08.06 09:06:12.938,2.05554,2.05592,1.00,1.00
2015.08.06 09:06:13.895,2.05554,2.05585,1.00,1.00
2015.08.06 09:06:14.432,2.05553,2.05585,1.00,1.00
2015.08.06 09:06:14.785,2.05554,2.0559,1.00,1.00
2015.08.06 09:06:15.180,2.05556,2.0559,1.00,1.00
2015.08.06 09:06:15.520,2.05558,2.05588,1.00,1.00
2015.08.06 09:06:19.063,2.05558,2.05594,1.00,1.00
2015.08.06 09:06:19.365,2.05562,2.056,1.00,1.00
2015.08.06 09:06:19.517,2.05564,2.056,1.00,1.00
2015.08.06 09:06:19.967,2.05571,2.05607,1.00,1.00
2015.08.06 09:06:20.270,2.05566,2.05601,1.00,1.00
2015.08.06 09:06:20.593,2.05568,2.05601,1.00,1.00
2015.08.06 09:06:21.711,2.05568,2.05594,1.00,1.00
2015.08.06 09:06:22.216,2.05569,2.0559,1.00,1.00
2015.08.06 09:06:22.266,2.05558,2.0559,1.00,1.00
2015.08.06 09:06:22.892,2.05557,2.0559,1.00,1.00
2015.08.06 09:06:22.944,2.05559,2.0559,1.00,1.00
2015.08.06 09:06:22.995,2.05559,2.05595,1.50,1.00
2015.08.06 09:06:23.147,2.05566,2.05605,1.00,1.00
2015.08.06 09:06:23.867,2.05565,2.05601,1.00,1.00
2015.08.06 09:06:24.227,2.05568,2.05601,1.00,1.00
2015.08.06 09:06:25.617,2.05568,2.05597,1.00,1.00
2015.08.06 09:06:27.194,2.05568,2.056,1.00,1.00
2015.08.06 09:06:27.346,2.05573,2.056,1.00,1.00
2015.08.06 09:06:27.749,2.05573,2.05597,1.00,1.00
2015.08.06 09:06:27.961,2.05574,2.0561,1.00,1.00
2015.08.06 09:06:28.064,2.05575,2.05607,1.00,1.00
2015.08.06 09:06:28.344,2.05583,2.05616,1.00,1.00
2015.08.06 09:06:28.445,2.0558,2.05616,1.00,1.00
2015.08.06 09:06:28.597,2.05578,2.05605,1.00,1.00
2015.08.06 09:06:28.849,2.05578,2.0561,1.00,1.00
2015.08.06 09:06:28.900,2.05572,2.0561,1.00,1.00
2015.08.06 09:06:29.001,2.05568,2.056,1.00,1.00
2015.08.06 09:06:29.270,2.05573,2.05609,1.00,1.00
2015.08.06 09:06:29.320,2.05568,2.05599,1.50,1.00
2015.08.06 09:06:29.632,2.0557,2.05599,1.00,1.00
2015.08.06 09:06:29.934,2.05573,2.05605,1.00,1.00
2015.08.06 09:06:29.985,2.05576,2.05614,1.00,1.00
2015.08.06 09:06:30.237,2.05579,2.05617,1.00,1.00
2015.08.06 09:06:30.827,2.05581,2.05617,1.00,1.00
2015.08.06 09:06:31.280,2.05579,2.05617,1.00,1.00
2015.08.06 09:06:31.749,2.05578,2.05614,1.00,1.00
2015.08.06 09:06:32.158,2.05583,2.05614,1.00,1.00
2015.08.06 09:06:32.360,2.05583,2.05618,1.00,1.00
2015.08.06 09:06:33.476,2.05584,2.05618,1.00,1.00
2015.08.06 09:06:33.628,2.05594,2.05618,1.00,1.00
2015.08.06 09:06:33.730,2.05588,2.05622,1.00,1.00
2015.08.06 09:06:33.781,2.05588,2.05619,1.00,1.00
2015.08.06 09:06:33.882,2.05589,2.05626,1.00,1.50
2015.08.06 09:06:33.934,2.05584,2.05616,1.00,1.00
2015.08.06 09:06:34.139,2.05588,2.05625,1.00,1.00
2015.08.06 09:06:34.644,2.05588,2.05626,1.00,1.50
2015.08.06 09:06:35.097,2.05588,2.05623,1.00,1.00
2015.08.06 09:06:35.446,2.05578,2.05606,1.00,1.00
2015.08.06 09:06:35.699,2.05573,2.05604,1.00,1.00
2015.08.06 09:06:35.800,2.05576,2.05612,1.00,1.00
2015.08.06 09:06:35.851,2.05579,2.05613,1.00,1.37
2015.08.06 09:06:36.002,2.05568,2.05605,1.00,1.00
2015.08.06 09:06:36.053,2.05568,2.05601,1.00,1.00
2015.08.06 09:06:36.104,2.05565,2.05601,1.50,1.00
2015.08.06 09:06:36.205,2.05574,2.05611,1.00,1.00
2015.08.06 09:06:36.693,2.05564,2.05603,1.00,1.00
2015.08.06 09:06:37.002,2.05562,2.05587,1.00,1.00
2015.08.06 09:06:37.204,2.05563,2.05597,1.00,1.00
2015.08.06 09:06:37.607,2.05563,2.05594,1.50,1.00
2015.08.06 09:06:38.029,2.05569,2.05608,1.00,1.00
2015.08.06 09:06:38.080,2.05573,2.05611,1.00,1.00
2015.08.06 09:06:38.583,2.05573,2.05612,2.25,1.00
2015.08.06 09:06:38.991,2.05585,2.0562,1.50,1.00
2015.08.06 09:06:39.092,2.0559,2.05626,1.00,1.00
2015.08.06 09:06:39.601,2.05595,2.05629,1.00,1.50
2015.08.06 09:06:40.105,2.05582,2.05623,1.00,1.00
2015.08.06 09:06:40.156,2.05579,2.05623,1.00,1.00
2015.08.06 09:06:40.358,2.05578,2.05616,1.00,1.00
2015.08.06 09:06:40.667,2.05578,2.05605,1.00,1.00
2015.08.06 09:06:41.320,2.05579,2.05605,1.00,1.00
2015.08.06 09:06:41.910,2.05582,2.05605,1.00,1.00
2015.08.06 09:06:42.011,2.05582,2.05621,1.50,1.00
2015.08.06 09:06:42.062,2.05584,2.05624,1.00,1.00
2015.08.06 09:06:42.113,2.05592,2.05624,1.00,1.00
2015.08.06 09:06:42.391,2.05598,2.05632,1.00,1.00
2015.08.06 09:06:42.492,2.056,2.05638,1.00,1.00
2015.08.06 09:06:42.593,2.05606,2.05644,1.00,1.00
2015.08.06 09:06:42.896,2.05612,2.05645,1.00,1.00
2015.08.06 09:06:42.947,2.05604,2.05645,1.00,1.00
2015.08.06 09:06:43.205,2.05604,2.05647,1.00,1.00
2015.08.06 09:06:44.902,2.05602,2.05646,1.00,1.00
2015.08.06 09:06:45.420,2.05601,2.05647,1.00,1.50
2015.08.06 09:06:45.571,2.05603,2.05647,1.00,1.50
2015.08.06 09:06:46.560,2.05608,2.05647,1.00,1.87
2015.08.06 09:06:46.863,2.05625,2.05657,1.00,1.00
2015.08.06 09:06:47.165,2.05625,2.05661,1.00,1.00
2015.08.06 09:06:47.670,2.05625,2.0566,1.00,1.00
2015.08.06 09:06:48.179,2.05625,2.05658,1.00,1.00
2015.08.06 09:06:48.381,2.05609,2.05645,1.00,1.00
2015.08.06 09:06:48.432,2.05607,2.05645,1.00,1.00
2015.08.06 09:06:48.634,2.05606,2.05651,1.00,1.37
2015.08.06 09:06:49.139,2.05606,2.05646,1.00,1.00
2015.08.06 09:06:49.615,2.05611,2.05656,1.00,1.00
2015.08.06 09:06:49.716,2.05611,2.05658,1.00,1.87
2015.08.06 09:06:49.767,2.05613,2.05658,1.00,1.12
2015.08.06 09:06:50.098,2.05622,2.05661,1.00,1.00
2015.08.06 09:06:50.552,2.05625,2.05662,1.00,1.87
2015.08.06 09:06:50.920,2.05629,2.05662,1.00,1.50
2015.08.06 09:06:51.250,2.05617,2.05656,1.00,1.00
2015.08.06 09:06:51.301,2.05615,2.05654,1.00,1.00
2015.08.06 09:06:51.837,2.05616,2.05654,1.00,1.00
2015.08.06 09:06:52.140,2.0562,2.05649,1.00,1.00
2015.08.06 09:06:52.241,2.0562,2.05655,1.00,1.00
2015.08.06 09:06:52.292,2.05622,2.05655,1.00,1.00
2015.08.06 09:06:52.605,2.05617,2.0565,1.00,1.00
2015.08.06 09:06:52.706,2.05616,2.05652,1.00,1.00
2015.08.06 09:06:53.426,2.05616,2.05661,1.00,1.00
2015.08.06 09:06:53.578,2.05616,2.05653,1.00,1.00
2015.08.06 09:06:54.610,2.05616,2.05661,1.00,1.00
2015.08.06 09:06:54.711,2.05616,2.05661,1.00,1.37
2015.08.06 09:06:55.018,2.05628,2.05661,1.00,1.00
2015.08.06 09:06:55.120,2.05629,2.05665,1.00,1.00
2015.08.06 09:06:55.221,2.05632,2.05671,1.00,1.00
2015.08.06 09:06:55.271,2.05628,2.05667,1.00,1.00
2015.08.06 09:06:55.372,2.0562,2.05665,1.00,1.00
2015.08.06 09:06:55.625,2.05626,2.05667,1.00,1.00
2015.08.06 09:06:55.777,2.05618,2.05662,1.00,1.00
2015.08.06 09:06:55.827,2.05618,2.05655,1.00,1.00
2015.08.06 09:06:56.088,2.05618,2.05662,1.00,1.00
2015.08.06 09:06:56.340,2.05617,2.05656,1.00,1.00
2015.08.06 09:06:56.643,2.05617,2.05663,1.00,1.12
2015.08.06 09:06:56.744,2.05613,2.0566,1.00,1.00
2015.08.06 09:06:56.794,2.05613,2.05654,1.00,1.00
2015.08.06 09:06:57.154,2.05613,2.0566,1.00,1.37
2015.08.06 09:06:57.382,2.05614,2.05656,1.00,1.00
2015.08.06 09:06:57.685,2.05611,2.05657,1.00,1.37
2015.08.06 09:06:58.343,2.0561,2.05656,1.00,1.37
2015.08.06 09:06:58.891,2.05609,2.05655,1.00,1.37
2015.08.06 09:06:59.433,2.05611,2.05654,1.00,1.00
2015.08.06 09:06:59.736,2.05606,2.05653,1.00,1.12
2015.08.06 09:06:59.887,2.05609,2.05648,1.00,1.00
2015.08.06 09:06:59.938,2.05609,2.05651,1.00,1.00
2015.08.06 09:07:00.089,2.05614,2.05654,1.00,1.00
2015.08.06 09:07:00.190,2.05614,2.05657,1.00,1.00
2015.08.06 09:07:00.291,2.05614,2.05659,1.00,1.00
2015.08.06 09:07:00.759,2.05618,2.05659,1.00,1.00
2015.08.06 09:07:01.351,2.05624,2.05659,1.00,1.00
2015.08.06 09:07:01.402,2.05624,2.05663,1.00,1.87
2015.08.06 09:07:01.553,2.05624,2.05665,1.00,1.50
2015.08.06 09:07:01.794,2.05623,2.05661,1.00,1.00
2015.08.06 09:07:01.895,2.05618,2.05661,1.50,1.00
2015.08.06 09:07:02.198,2.05618,2.05657,1.00,1.00
2015.08.06 09:07:02.299,2.05618,2.05659,1.00,1.00
2015.08.06 09:07:02.401,2.05619,2.05655,1.00,1.00
2015.08.06 09:07:02.452,2.05612,2.05655,1.00,1.00
2015.08.06 09:07:02.707,2.05612,2.05657,1.50,1.00
2015.08.06 09:07:02.808,2.05618,2.05657,1.00,1.00
2015.08.06 09:07:02.999,2.05618,2.05659,1.00,1.00
2015.08.06 09:07:03.510,2.05618,2.0566,1.00,1.00
2015.08.06 09:07:04.042,2.05618,2.05661,1.00,1.00
2015.08.06 09:07:04.463,2.05618,2.05658,1.00,1.00
2015.08.06 09:07:04.715,2.05618,2.0566,1.50,1.00
2015.08.06 09:07:04.816,2.05618,2.05662,2.25,1.12
2015.08.06 09:07:05.017,2.05618,2.0566,1.00,1.00
2015.08.06 09:07:06.112,2.05618,2.05658,1.00,1.00
2015.08.06 09:07:06.213,2.05614,2.05658,1.00,1.00
2015.08.06 09:07:06.369,2.05615,2.0566,1.00,1.00
2015.08.06 09:07:06.419,2.05618,2.0566,1.00,1.00
2015.08.06 09:07:06.994,2.05618,2.05661,1.00,1.00
2015.08.06 09:07:07.543,2.05618,2.0566,1.00,1.00
2015.08.06 09:07:08.047,2.05618,2.05659,1.00,1.00
2015.08.06 09:07:08.804,2.05618,2.05659,1.00,1.37
2015.08.06 09:07:09.006,2.05613,2.05658,1.00,1.12
2015.08.06 09:07:09.107,2.05618,2.05658,1.00,1.12
2015.08.06 09:07:09.899,2.05618,2.0566,1.00,1.00
2015.08.06 09:07:10.839,2.05618,2.05656,1.00,1.00
2015.08.06 09:07:10.940,2.05613,2.05656,1.00,1.00
2015.08.06 09:07:11.136,2.0562,2.05657,1.00,1.00
2015.08.06 09:07:11.187,2.0562,2.05659,1.00,1.00
2015.08.06 09:07:11.321,2.0562,2.05657,1.00,1.00
2015.08.06 09:07:11.436,2.05613,2.05657,1.00,1.00
2015.08.06 09:07:11.537,2.05619,2.05661,1.00,1.00
2015.08.06 09:07:11.841,2.0563,2.05671,1.00,1.00
2015.08.06 09:07:11.941,2.05626,2.05668,1.00,1.00
2015.08.06 09:07:12.712,2.05626,2.05669,1.00,1.37
2015.08.06 09:07:13.395,2.0563,2.05667,1.00,1.00
2015.08.06 09:07:13.496,2.05626,2.05669,1.00,1.37
2015.08.06 09:07:14.001,2.05626,2.05669,1.00,1.00
2015.08.06 09:07:14.551,2.05626,2.0567,1.00,1.00
2015.08.06 09:07:14.601,2.05626,2.05667,1.00,1.00
2015.08.06 09:07:14.821,2.05626,2.05669,1.00,1.00
2015.08.06 09:07:14.871,2.0563,2.05669,1.00,1.00
2015.08.06 09:07:15.173,2.05633,2.05668,1.00,1.37
2015.08.06 09:07:15.224,2.05633,2.05672,1.00,1.50
2015.08.06 09:07:15.426,2.05631,2.05677,1.00,1.87
2015.08.06 09:07:15.476,2.05629,2.0567,1.00,1.00
2015.08.06 09:07:15.738,2.05624,2.0567,1.00,1.00
2015.08.06 09:07:15.940,2.05626,2.05671,1.00,1.00
2015.08.06 09:07:16.257,2.05624,2.05668,1.00,1.00
2015.08.06 09:07:16.910,2.05622,2.05669,1.00,1.37
2015.08.06 09:07:17.460,2.05618,2.05665,1.50,1.00
2015.08.06 09:07:17.561,2.05622,2.05668,1.00,1.12
2015.08.06 09:07:18.323,2.05622,2.05668,1.00,1.37
2015.08.06 09:07:18.917,2.05623,2.05669,1.00,1.37
2015.08.06 09:07:19.339,2.0562,2.05665,1.00,1.00
2015.08.06 09:07:19.642,2.05622,2.05667,1.00,1.00
2015.08.06 09:07:19.769,2.0562,2.05667,1.00,1.00
2015.08.06 09:07:19.870,2.05618,2.05665,1.50,1.00
2015.08.06 09:07:20.216,2.05618,2.0566,1.00,1.00
2015.08.06 09:07:20.522,2.05618,2.05658,1.00,1.50
2015.08.06 09:07:21.026,2.05623,2.05658,1.00,1.00
2015.08.06 09:07:21.489,2.05623,2.05661,1.00,1.00
2015.08.06 09:07:21.640,2.05625,2.05661,1.00,1.00
2015.08.06 09:07:21.742,2.05633,2.0567,1.00,1.00
2015.08.06 09:07:21.893,2.05625,2.05666,1.50,1.00
2015.08.06 09:07:22.095,2.05623,2.05664,1.00,1.00
2015.08.06 09:07:22.196,2.05623,2.05666,1.00,1.50
2015.08.06 09:07:22.699,2.05623,2.05664,1.00,1.00
2015.08.06 09:07:22.749,2.05623,2.05666,1.00,1.00
2015.08.06 09:07:23.304,2.05623,2.05664,1.00,1.00
2015.08.06 09:07:23.635,2.05623,2.05662,1.00,1.00
2015.08.06 09:07:23.912,2.05623,2.05664,1.00,1.00
2015.08.06 09:07:24.188,2.05623,2.05666,1.00,1.50
2015.08.06 09:07:24.390,2.05628,2.05669,1.00,1.37
2015.08.06 09:07:24.440,2.05628,2.05669,1.50,1.00
2015.08.06 09:07:24.491,2.0563,2.05672,1.00,1.00
2015.08.06 09:07:24.642,2.05634,2.05675,1.00,1.00
2015.08.06 09:07:25.250,2.05633,2.05675,1.00,1.00
2015.08.06 09:07:25.845,2.05634,2.05675,1.00,1.00
2015.08.06 09:07:27.370,2.05633,2.05675,1.00,1.00
2015.08.06 09:07:27.697,2.05633,2.05677,1.00,1.12
2015.08.06 09:07:27.861,2.05638,2.05678,1.00,1.12
2015.08.06 09:07:29.274,2.05638,2.05679,1.00,1.37
2015.08.06 09:07:30.496,2.05638,2.05678,1.00,1.00
2015.08.06 09:07:31.017,2.05638,2.05677,1.00,1.00
2015.08.06 09:07:31.737,2.05638,2.05675,1.00,1.00
2015.08.06 09:07:32.195,2.05638,2.05673,1.00,1.00
2015.08.06 09:07:32.729,2.05638,2.05679,1.00,1.00
2015.08.06 09:07:33.279,2.05638,2.0568,1.00,1.00
2015.08.06 09:07:33.531,2.05638,2.05678,1.00,1.00
2015.08.06 09:07:33.833,2.05638,2.05675,1.00,1.00
2015.08.06 09:07:33.884,2.05633,2.05674,1.00,1.00
2015.08.06 09:07:34.184,2.05633,2.05672,1.00,1.00
2015.08.06 09:07:34.235,2.05633,2.05676,1.00,1.00
2015.08.06 09:07:34.336,2.05638,2.05676,1.00,1.00
2015.08.06 09:07:34.790,2.05638,2.05679,1.00,1.00
2015.08.06 09:07:35.290,2.05633,2.05677,1.00,1.00
2015.08.06 09:07:35.869,2.05633,2.05676,1.00,1.00
2015.08.06 09:07:36.412,2.05633,2.05672,1.00,1.00
2015.08.06 09:07:36.667,2.05624,2.05667,1.00,1.00
2015.08.06 09:07:36.722,2.05624,2.05661,1.00,1.00
2015.08.06 09:07:36.773,2.05624,2.05665,1.00,1.00
2015.08.06 09:07:36.874,2.05623,2.0566,1.00,1.00
2015.08.06 09:07:37.076,2.05614,2.05658,1.00,1.00
2015.08.06 09:07:37.127,2.05617,2.05658,1.00,1.00
2015.08.06 09:07:37.177,2.05612,2.05658,1.00,1.00
2015.08.06 09:07:37.228,2.05605,2.05653,1.00,1.00
2015.08.06 09:07:37.431,2.05616,2.05653,1.00,1.00
2015.08.06 09:07:37.702,2.05602,2.0565,1.00,1.00
2015.08.06 09:07:37.753,2.05605,2.05653,1.00,1.00
2015.08.06 09:07:38.206,2.05607,2.05654,1.00,1.00
2015.08.06 09:07:38.508,2.05618,2.05657,1.00,1.00
2015.08.06 09:07:38.672,2.05615,2.05657,1.00,1.00
2015.08.06 09:07:38.833,2.0562,2.05657,1.00,1.00
2015.08.06 09:07:39.302,2.05606,2.05653,1.00,1.00
2015.08.06 09:07:39.403,2.05603,2.05651,1.00,1.00
2015.08.06 09:07:39.762,2.05606,2.05654,1.00,1.00
2015.08.06 09:07:40.155,2.05603,2.0565,1.00,1.00
2015.08.06 09:07:40.306,2.056,2.05648,1.00,1.00
2015.08.06 09:07:40.407,2.05603,2.05637,1.00,1.00
2015.08.06 09:07:40.559,2.05603,2.05649,1.00,1.00
2015.08.06 09:07:40.863,2.05613,2.0565,1.00,1.00
2015.08.06 09:07:41.111,2.05608,2.0565,1.00,1.00
2015.08.06 09:07:41.519,2.05608,2.05648,1.00,1.00
2015.08.06 09:07:42.177,2.05608,2.0565,1.00,1.00
2015.08.06 09:07:42.435,2.05612,2.05651,1.00,1.00
2015.08.06 09:07:42.738,2.05617,2.05652,1.00,1.00
2015.08.06 09:07:42.839,2.05617,2.05656,1.00,1.00
2015.08.06 09:07:42.940,2.05617,2.05652,1.00,1.00
2015.08.06 09:07:43.125,2.05617,2.05655,1.00,1.00
2015.08.06 09:07:43.458,2.05617,2.05653,1.00,1.00
2015.08.06 09:07:43.610,2.05617,2.05656,1.00,1.00
2015.08.06 09:07:43.715,2.05617,2.05654,1.00,1.00
2015.08.06 09:07:43.816,2.05617,2.05657,1.00,1.00
2015.08.06 09:07:43.917,2.05617,2.05655,1.00,1.00
2015.08.06 09:07:44.228,2.05617,2.05653,1.00,1.00
2015.08.06 09:07:44.735,2.05617,2.05654,1.00,1.00
2015.08.06 09:07:45.038,2.05608,2.05656,1.00,1.00
2015.08.06 09:07:45.139,2.05614,2.05661,1.00,1.00
2015.08.06 09:07:45.550,2.05624,2.05663,1.00,1.00
2015.08.06 09:07:45.602,2.0562,2.05663,1.00,1.00
2015.08.06 09:07:45.653,2.05618,2.05664,1.00,1.00
2015.08.06 09:07:45.704,2.05618,2.05662,1.50,1.00
2015.08.06 09:07:46.008,2.05624,2.05661,1.00,1.00
2015.08.06 09:07:46.058,2.05624,2.05664,1.00,1.00
2015.08.06 09:07:46.413,2.0563,2.05665,1.00,1.00
2015.08.06 09:07:46.515,2.05626,2.05666,1.00,1.00
2015.08.06 09:07:46.565,2.0562,2.0566,1.00,1.00
2015.08.06 09:07:46.667,2.05624,2.05666,1.00,2.25
2015.08.06 09:07:46.891,2.05629,2.05666,1.00,1.00
2015.08.06 09:07:47.568,2.05628,2.05666,1.00,1.00
2015.08.06 09:07:49.099,2.05633,2.05666,1.00,1.00
2015.08.06 09:07:49.402,2.05628,2.05666,1.00,1.00
2015.08.06 09:07:50.044,2.05628,2.05668,1.50,1.00
2015.08.06 09:07:50.195,2.05628,2.05664,1.00,1.00
2015.08.06 09:07:50.296,2.05625,2.05664,1.00,1.00
2015.08.06 09:07:50.397,2.05628,2.05664,1.00,1.00
2015.08.06 09:07:50.506,2.05625,2.05664,1.00,1.00
2015.08.06 09:07:50.657,2.05628,2.05664,1.00,1.00
2015.08.06 09:07:50.708,2.05628,2.05671,1.00,1.50
2015.08.06 09:07:50.759,2.05633,2.05671,1.00,1.00
2015.08.06 09:07:51.267,2.05634,2.05671,1.00,1.00
2015.08.06 09:07:51.418,2.05634,2.05674,1.00,1.37
2015.08.06 09:07:51.519,2.05639,2.05678,1.00,1.00
2015.08.06 09:07:51.621,2.05639,2.0568,1.00,1.00
2015.08.06 09:07:51.722,2.0565,2.05685,1.00,1.00
2015.08.06 09:07:51.979,2.05649,2.05692,1.00,1.50
2015.08.06 09:07:52.080,2.05649,2.05689,1.00,1.00
2015.08.06 09:07:52.200,2.05649,2.05692,1.00,1.50
2015.08.06 09:07:52.402,2.05652,2.05692,1.00,1.00
2015.08.06 09:07:52.503,2.05648,2.05693,1.00,1.00
2015.08.06 09:07:52.553,2.05648,2.05691,1.00,1.00
2015.08.06 09:07:52.856,2.05647,2.05687,1.00,1.00
2015.08.06 09:07:53.217,2.05647,2.05689,1.00,1.00
2015.08.06 09:07:53.369,2.05645,2.05689,1.00,1.00
2015.08.06 09:07:53.420,2.05645,2.05691,1.00,1.00
2015.08.06 09:07:53.471,2.05656,2.05692,1.00,1.00
2015.08.06 09:07:53.522,2.05652,2.05694,1.00,1.00
2015.08.06 09:07:53.724,2.05657,2.05695,1.00,1.00
2015.08.06 09:07:55.220,2.05661,2.057,1.00,1.00
2015.08.06 09:07:55.430,2.05656,2.05701,1.00,1.00
2015.08.06 09:07:55.582,2.05658,2.057,1.00,1.00
2015.08.06 09:07:55.935,2.05672,2.05699,1.00,1.00
2015.08.06 09:07:56.036,2.05659,2.05704,1.00,1.00
2015.08.06 09:07:56.338,2.05657,2.05702,1.00,1.00
2015.08.06 09:07:56.777,2.05655,2.05703,1.00,2.25
2015.08.06 09:07:57.336,2.05654,2.05702,1.00,1.00
2015.08.06 09:07:57.992,2.05655,2.05701,1.00,1.50
2015.08.06 09:07:58.880,2.05655,2.05696,1.00,1.00
2015.08.06 09:07:58.930,2.05651,2.05693,1.00,1.00
2015.08.06 09:07:58.981,2.05646,2.05678,1.00,1.00
2015.08.06 09:07:59.082,2.05644,2.05678,1.00,1.00
2015.08.06 09:07:59.350,2.05647,2.05689,1.00,1.00
2015.08.06 09:07:59.401,2.05643,2.0569,1.00,1.00
2015.08.06 09:07:59.553,2.05642,2.05688,1.00,1.00
2015.08.06 09:07:59.906,2.05643,2.05686,1.00,1.00
2015.08.06 09:08:00.259,2.0564,2.05683,1.00,1.00
2015.08.06 09:08:01.872,2.05651,2.05686,1.00,1.00
2015.08.06 09:08:02.403,2.05651,2.05685,1.00,1.00
2015.08.06 09:08:02.706,2.05655,2.05688,1.00,1.50
2015.08.06 09:08:03.092,2.05655,2.05685,1.00,1.00
2015.08.06 09:08:03.439,2.05639,2.05685,1.00,1.00
2015.08.06 09:08:03.590,2.05639,2.05687,1.00,1.50
2015.08.06 09:08:04.134,2.05638,2.05686,1.00,1.50
2015.08.06 09:08:05.056,2.05638,2.05683,1.00,1.00
2015.08.06 09:08:05.368,2.05656,2.05684,1.00,1.00
2015.08.06 09:08:06.440,2.05656,2.05683,1.00,1.00
2015.08.06 09:08:06.490,2.05637,2.05679,1.00,1.00
2015.08.06 09:08:06.591,2.05633,2.05682,1.00,1.00
2015.08.06 09:08:06.642,2.05633,2.05663,1.00,1.00
2015.08.06 09:08:06.693,2.05631,2.05663,1.00,1.00
2015.08.06 09:08:06.844,2.05635,2.05677,1.00,1.00
2015.08.06 09:08:07.076,2.0563,2.05676,1.00,1.00
2015.08.06 09:08:07.584,2.0563,2.05678,1.00,1.50
2015.08.06 09:08:07.786,2.05645,2.05678,1.00,1.50
2015.08.06 09:08:08.302,2.05645,2.05677,1.00,1.00
2015.08.06 09:08:08.644,2.05645,2.05675,1.00,1.00
2015.08.06 09:08:09.148,2.05645,2.05677,1.00,1.00
2015.08.06 09:08:09.350,2.05635,2.05678,1.00,1.00
2015.08.06 09:08:09.653,2.05647,2.05677,1.00,1.50
2015.08.06 09:08:09.754,2.05645,2.05677,1.00,1.50
2015.08.06 09:08:10.162,2.05632,2.05677,1.00,1.00
2015.08.06 09:08:10.263,2.05627,2.05676,1.00,1.00
2015.08.06 09:08:10.516,2.05632,2.05676,1.00,1.00
2015.08.06 09:08:10.566,2.05634,2.05679,1.00,1.50
2015.08.06 09:08:10.617,2.05647,2.05679,1.00,1.00
2015.08.06 09:08:10.950,2.05646,2.05677,1.00,1.00
2015.08.06 09:08:11.330,2.05628,2.05678,1.00,1.00
2015.08.06 09:08:11.482,2.05637,2.05678,1.00,1.50
2015.08.06 09:08:11.785,2.05648,2.0568,1.00,1.00
2015.08.06 09:08:12.580,2.05648,2.05679,1.00,1.00
2015.08.06 09:08:12.631,2.05645,2.05679,1.00,1.00
2015.08.06 09:08:12.954,2.0565,2.0568,1.00,1.00
2015.08.06 09:08:13.207,2.05635,2.05681,1.50,1.00
2015.08.06 09:08:13.257,2.05652,2.05683,1.00,1.00
2015.08.06 09:08:13.308,2.05636,2.05682,1.00,2.25
2015.08.06 09:08:13.358,2.0565,2.05682,1.00,1.50
2015.08.06 09:08:13.641,2.0565,2.05684,1.00,1.00
2015.08.06 09:08:13.943,2.0565,2.05686,1.00,1.50
2015.08.06 09:08:14.145,2.0565,2.05683,1.00,1.00
2015.08.06 09:08:14.296,2.0565,2.05686,1.00,1.50
2015.08.06 09:08:14.760,2.0565,2.05684,1.00,1.00
2015.08.06 09:08:15.062,2.0565,2.05686,1.00,1.00
2015.08.06 09:08:16.478,2.0565,2.05687,1.00,1.50
2015.08.06 09:08:16.730,2.05655,2.05689,1.00,1.00
2015.08.06 09:08:17.230,2.05655,2.05686,1.00,1.00
2015.08.06 09:08:17.952,2.05651,2.05686,1.00,1.00
2015.08.06 09:08:18.319,2.05651,2.05683,1.00,1.00
2015.08.06 09:08:18.470,2.05651,2.05689,1.00,3.75
2015.08.06 09:08:19.138,2.05651,2.05686,1.00,1.00
2015.08.06 09:08:19.440,2.05651,2.05688,1.00,1.00
2015.08.06 09:08:19.944,2.05651,2.05687,1.00,1.00
2015.08.06 09:08:20.343,2.05646,2.05685,1.00,1.00
2015.08.06 09:08:20.393,2.05643,2.05681,1.00,1.00
2015.08.06 09:08:21.048,2.05641,2.05677,1.00,1.00
2015.08.06 09:08:21.553,2.05636,2.05673,1.00,1.00
2015.08.06 09:08:21.603,2.05633,2.05669,1.00,1.00
2015.08.06 09:08:22.108,2.05632,2.05669,1.50,1.00
2015.08.06 09:08:22.612,2.05635,2.05669,1.00,1.00
2015.08.06 09:08:22.713,2.05636,2.05675,1.00,1.50
2015.08.06 09:08:22.864,2.05648,2.05675,1.00,1.00
2015.08.06 09:08:22.915,2.05648,2.05681,1.00,1.00
2015.08.06 09:08:23.066,2.05648,2.05677,1.00,1.00
2015.08.06 09:08:23.117,2.05642,2.05677,1.00,1.00
2015.08.06 09:08:23.218,2.05642,2.05674,1.00,1.00
2015.08.06 09:08:23.269,2.05633,2.05672,1.00,1.00
2015.08.06 09:08:23.808,2.05633,2.05671,1.00,1.00
2015.08.06 09:08:24.413,2.05633,2.05672,1.50,1.00
2015.08.06 09:08:26.240,2.05633,2.05669,1.00,1.00
2015.08.06 09:08:28.580,2.05632,2.05669,1.00,1.00
2015.08.06 09:08:28.882,2.05623,2.05658,1.00,1.00
2015.08.06 09:08:29.185,2.05623,2.05655,1.00,1.00
2015.08.06 09:08:29.814,2.05623,2.05657,1.00,1.00
2015.08.06 09:08:29.865,2.05623,2.05664,1.00,1.00
2015.08.06 09:08:29.966,2.05625,2.05666,1.00,1.00
2015.08.06 09:08:30.222,2.05626,2.0567,1.00,1.50
2015.08.06 09:08:30.273,2.05639,2.0567,1.00,1.00
2015.08.06 09:08:30.626,2.05639,2.05673,1.00,1.00
2015.08.06 09:08:30.777,2.05639,2.05671,1.00,1.00
2015.08.06 09:08:31.090,2.05639,2.05673,1.00,1.00
2015.08.06 09:08:31.497,2.05625,2.05667,1.00,1.00
2015.08.06 09:08:31.737,2.05625,2.0567,1.00,1.00
2015.08.06 09:08:32.219,2.05638,2.05672,1.00,1.00
2015.08.06 09:08:32.853,2.05626,2.05669,1.00,1.00
2015.08.06 09:08:33.357,2.05639,2.05674,1.00,1.00
2015.08.06 09:08:33.862,2.05639,2.05675,1.00,2.25
2015.08.06 09:08:34.226,2.05639,2.05673,1.00,1.00
2015.08.06 09:08:34.428,2.05639,2.05675,1.00,2.25
2015.08.06 09:08:34.630,2.05639,2.05672,1.00,1.00
2015.08.06 09:08:34.731,2.05639,2.05675,1.00,2.25
2015.08.06 09:08:35.084,2.05639,2.05672,1.00,1.00
2015.08.06 09:08:35.725,2.05639,2.05673,1.00,1.00
2015.08.06 09:08:36.281,2.05639,2.05674,1.00,1.00
2015.08.06 09:08:36.917,2.05639,2.05671,1.00,1.00
2015.08.06 09:08:37.165,2.05639,2.05674,1.00,1.50
2015.08.06 09:08:37.498,2.05639,2.05672,1.00,1.00
2015.08.06 09:08:37.790,2.05639,2.05674,1.00,1.50
2015.08.06 09:08:38.384,2.05639,2.05672,1.00,1.00
2015.08.06 09:08:38.486,2.05639,2.05674,1.00,1.00
2015.08.06 09:08:38.587,2.05639,2.05672,1.00,1.00
2015.08.06 09:08:38.937,2.05639,2.05674,1.00,1.00
2015.08.06 09:08:39.478,2.05639,2.05673,1.00,1.00
2015.08.06 09:08:40.055,2.05639,2.05674,1.00,1.00
2015.08.06 09:08:40.553,2.05639,2.05676,1.00,1.50
2015.08.06 09:08:40.705,2.05634,2.05673,1.00,1.00
2015.08.06 09:08:40.756,2.05638,2.05676,1.00,1.00
2015.08.06 09:08:41.060,2.05645,2.05682,1.00,1.50
2015.08.06 09:08:41.370,2.05642,2.05678,1.50,1.00
2015.08.06 09:08:47.513,2.05638,2.05676,1.00,1.00
2015.08.06 09:08:53.559,2.05639,2.05676,1.00,1.00
2015.08.06 09:08:54.414,2.05641,2.05676,1.00,1.00
2015.08.06 09:08:54.464,2.05647,2.05683,1.00,1.00
2015.08.06 09:08:54.616,2.05652,2.05687,1.00,1.50
2015.08.06 09:08:55.155,2.05652,2.05688,1.00,1.00
2015.08.06 09:08:55.660,2.05644,2.05685,1.00,1.00
2015.08.06 09:08:55.811,2.05655,2.05689,1.00,1.00
2015.08.06 09:08:55.962,2.05655,2.05691,1.00,2.25
2015.08.06 09:08:56.412,2.05655,2.05693,1.00,1.00
2015.08.06 09:08:56.463,2.05666,2.05697,1.00,1.50
2015.08.06 09:08:56.514,2.05662,2.05699,1.00,1.00
2015.08.06 09:08:56.564,2.05672,2.05699,1.00,1.00
2015.08.06 09:08:56.615,2.05672,2.05702,1.00,1.00
2015.08.06 09:08:56.817,2.05672,2.05704,1.00,1.00
2015.08.06 09:08:57.478,2.05672,2.05705,1.00,1.00
2015.08.06 09:08:58.075,2.05672,2.05703,1.00,1.00
2015.08.06 09:08:58.579,2.05672,2.05702,1.00,1.00
2015.08.06 09:08:58.831,2.05672,2.05705,1.00,1.00
2015.08.06 09:08:59.353,2.05672,2.05704,1.00,1.00
2015.08.06 09:08:59.926,2.05672,2.05706,1.00,1.00
2015.08.06 09:09:00.931,2.05672,2.05705,1.00,1.00
2015.08.06 09:09:01.133,2.05672,2.05703,1.00,1.00
2015.08.06 09:09:01.586,2.05656,2.05702,1.00,1.00
2015.08.06 09:09:01.637,2.05656,2.05699,1.00,1.00
2015.08.06 09:09:02.142,2.05668,2.05702,1.00,1.50
2015.08.06 09:09:02.444,2.05678,2.05709,1.00,1.00
2015.08.06 09:09:02.697,2.05678,2.05711,1.00,1.00
2015.08.06 09:09:02.899,2.05678,2.05714,1.00,1.00
2015.08.06 09:09:03.749,2.05678,2.05712,1.00,1.00
2015.08.06 09:09:04.122,2.05678,2.05714,1.00,1.00
2015.08.06 09:09:06.044,2.05678,2.05712,1.00,1.00
2015.08.06 09:09:06.733,2.05678,2.05714,1.00,1.00
2015.08.06 09:09:06.784,2.05675,2.05714,1.00,1.00
2015.08.06 09:09:06.835,2.05677,2.05714,1.00,1.00
2015.08.06 09:09:07.221,2.05694,2.05728,1.00,1.86
2015.08.06 09:09:07.272,2.05685,2.05728,1.00,1.37
2015.08.06 09:09:07.533,2.05688,2.05728,1.00,1.00
2015.08.06 09:09:07.837,2.0569,2.0573,1.00,1.00
2015.08.06 09:09:08.038,2.05688,2.0573,1.00,1.00
2015.08.06 09:09:08.358,2.05699,2.0573,1.00,1.00
2015.08.06 09:09:09.242,2.05689,2.0573,1.00,1.00
2015.08.06 09:09:09.393,2.05686,2.0573,1.00,1.00
2015.08.06 09:09:09.545,2.05686,2.05726,1.00,1.00
2015.08.06 09:09:10.092,2.05686,2.05728,1.00,1.00
2015.08.06 09:09:10.143,2.05689,2.05728,1.00,1.00
2015.08.06 09:09:10.644,2.05688,2.05728,1.00,1.00
2015.08.06 09:09:10.948,2.05698,2.05728,1.00,1.00
2015.08.06 09:09:11.385,2.0569,2.05728,1.00,1.00
2015.08.06 09:09:11.436,2.05688,2.05728,1.00,1.00
2015.08.06 09:09:11.487,2.05686,2.05728,1.00,1.00
2015.08.06 09:09:11.897,2.05686,2.05726,1.00,1.00
2015.08.06 09:09:12.551,2.05682,2.05726,1.00,1.00
2015.08.06 09:09:12.602,2.05682,2.05723,1.00,1.00
2015.08.06 09:09:13.101,2.05685,2.05723,1.00,1.00
2015.08.06 09:09:13.404,2.05688,2.05723,1.00,1.00
2015.08.06 09:09:13.706,2.05699,2.05727,1.00,1.00
2015.08.06 09:09:14.059,2.05686,2.05728,1.00,1.50
2015.08.06 09:09:14.110,2.05688,2.05728,1.00,1.00
2015.08.06 09:09:14.211,2.05686,2.05728,1.00,1.00
2015.08.06 09:09:14.684,2.05688,2.05727,1.00,1.00
2015.08.06 09:09:14.835,2.05686,2.05727,1.00,1.00
2015.08.06 09:09:14.937,2.05688,2.05727,1.00,1.00
2015.08.06 09:09:15.239,2.05705,2.05737,1.00,1.00
2015.08.06 09:09:15.290,2.05701,2.05737,1.00,1.00
2015.08.06 09:09:15.624,2.05696,2.05737,1.00,1.00
2015.08.06 09:09:15.908,2.05698,2.05737,1.00,1.00
2015.08.06 09:09:16.211,2.0571,2.05737,1.00,1.00
2015.08.06 09:09:16.363,2.0571,2.05741,1.00,1.00
2015.08.06 09:09:16.923,2.0571,2.0574,1.00,1.00
2015.08.06 09:09:17.126,2.05703,2.05741,1.00,1.50
2015.08.06 09:09:17.429,2.05708,2.05741,1.00,1.00
2015.08.06 09:09:18.183,2.05708,2.05742,1.00,1.12
2015.08.06 09:09:18.490,2.05708,2.05737,1.00,1.00
2015.08.06 09:09:18.541,2.05708,2.05739,1.00,1.00
2015.08.06 09:09:18.642,2.05708,2.05736,1.00,1.00
2015.08.06 09:09:18.794,2.05695,2.05732,1.00,1.00
2015.08.06 09:09:19.097,2.05705,2.05742,1.00,1.50
2015.08.06 09:09:19.606,2.05705,2.05741,1.00,1.00
2015.08.06 09:09:19.859,2.05701,2.0574,1.00,1.00
2015.08.06 09:09:20.413,2.057,2.05733,1.00,1.00
2015.08.06 09:09:20.922,2.05701,2.05733,1.00,1.00
2015.08.06 09:09:21.952,2.05699,2.05733,1.00,1.00
2015.08.06 09:09:22.053,2.05695,2.05733,1.50,1.00
2015.08.06 09:09:22.599,2.05698,2.05733,1.00,1.00
2015.08.06 09:09:22.932,2.057,2.05733,1.00,1.00
2015.08.06 09:09:23.399,2.05695,2.05733,1.50,1.00
2015.08.06 09:09:23.832,2.05693,2.05729,1.00,1.00
2015.08.06 09:09:24.390,2.05695,2.05729,1.00,1.00
2015.08.06 09:09:24.842,2.05701,2.05739,1.00,1.00
2015.08.06 09:09:25.594,2.05701,2.05736,1.00,1.00
2015.08.06 09:09:26.098,2.05701,2.05735,1.00,1.00
2015.08.06 09:09:26.149,2.05701,2.05739,1.00,1.87
2015.08.06 09:09:26.660,2.05698,2.05732,1.00,1.00
2015.08.06 09:09:26.912,2.05696,2.05732,1.00,1.00
2015.08.06 09:09:27.552,2.05697,2.05732,1.00,1.00
2015.08.06 09:09:28.064,2.05698,2.05732,1.00,1.00
2015.08.06 09:09:28.115,2.05696,2.05732,1.00,1.00
2015.08.06 09:09:28.216,2.05699,2.05732,1.00,1.00
2015.08.06 09:09:28.569,2.05697,2.05732,1.00,1.00
2015.08.06 09:09:28.771,2.05699,2.05732,1.00,1.00
2015.08.06 09:09:29.105,2.05697,2.05732,1.00,1.00
2015.08.06 09:09:29.649,2.05696,2.05732,1.50,1.00
2015.08.06 09:09:30.068,2.05694,2.0573,1.00,1.00
2015.08.06 09:09:30.421,2.05696,2.0573,1.00,1.00
2015.08.06 09:09:31.212,2.05694,2.0573,1.00,1.00
2015.08.06 09:09:32.223,2.05695,2.0573,1.00,1.00
2015.08.06 09:09:32.626,2.05694,2.05726,1.00,1.00
2015.08.06 09:09:32.727,2.05688,2.05722,1.00,1.00
2015.08.06 09:09:32.828,2.05685,2.05723,1.00,1.00
2015.08.06 09:09:32.929,2.05684,2.05717,1.00,1.00
2015.08.06 09:09:33.194,2.05679,2.05717,1.00,1.00
2015.08.06 09:09:33.244,2.05681,2.05718,1.00,1.00
2015.08.06 09:09:33.345,2.05673,2.05711,1.00,1.00
2015.08.06 09:09:33.447,2.05681,2.05719,1.00,1.87
2015.08.06 09:09:33.749,2.05669,2.05707,1.00,1.00
2015.08.06 09:09:33.901,2.05669,2.0571,1.00,1.00
2015.08.06 09:09:34.052,2.05667,2.0571,1.00,1.00
2015.08.06 09:09:34.572,2.05666,2.0571,1.00,1.00
2015.08.06 09:09:34.623,2.05664,2.05709,1.00,1.00
2015.08.06 09:09:35.127,2.05665,2.05709,1.00,1.00
2015.08.06 09:09:35.178,2.05668,2.05709,1.00,1.00
2015.08.06 09:09:35.710,2.05669,2.05709,1.00,1.00
2015.08.06 09:09:36.014,2.05677,2.05714,1.00,1.00
2015.08.06 09:09:36.468,2.05677,2.05716,1.00,1.00
2015.08.06 09:09:36.733,2.0567,2.05712,1.00,1.00
2015.08.06 09:09:36.784,2.05677,2.05717,1.00,1.00
2015.08.06 09:09:36.937,2.05677,2.0572,1.00,1.50
2015.08.06 09:09:37.139,2.05675,2.05716,1.00,1.00
2015.08.06 09:09:37.442,2.05677,2.05716,1.00,1.00
2015.08.06 09:09:37.695,2.05674,2.05716,1.00,1.50
2015.08.06 09:09:37.923,2.05674,2.05713,1.00,1.00
2015.08.06 09:09:38.027,2.05672,2.05713,1.00,1.00
2015.08.06 09:09:38.128,2.05669,2.05713,1.00,1.00
2015.08.06 09:09:38.279,2.05677,2.05714,1.00,1.00
2015.08.06 09:09:38.431,2.05668,2.05711,1.00,1.00
2015.08.06 09:09:38.483,2.05664,2.0571,1.00,1.00
2015.08.06 09:09:38.548,2.05667,2.05712,1.00,1.00
2015.08.06 09:09:38.890,2.05665,2.05709,1.00,1.00
2015.08.06 09:09:38.991,2.05667,2.05712,1.00,1.00
2015.08.06 09:09:39.154,2.05669,2.05713,1.00,1.87
2015.08.06 09:09:39.480,2.05669,2.0571,1.00,1.00
2015.08.06 09:09:39.782,2.05667,2.0571,1.00,1.00
2015.08.06 09:09:40.238,2.0567,2.0571,1.00,1.00
2015.08.06 09:09:40.464,2.05667,2.0571,1.00,1.00
2015.08.06 09:09:40.566,2.0567,2.05709,1.00,1.00
2015.08.06 09:09:40.919,2.05669,2.05712,1.00,1.00
2015.08.06 09:09:40.970,2.05677,2.05714,1.00,1.00
2015.08.06 09:09:41.171,2.05677,2.05717,1.00,1.00
2015.08.06 09:09:41.721,2.05677,2.05716,1.00,1.00
2015.08.06 09:09:41.822,2.0568,2.05718,1.00,1.00
2015.08.06 09:09:42.343,2.0568,2.05717,1.00,1.00
2015.08.06 09:09:42.444,2.0568,2.05725,1.00,1.50
2015.08.06 09:09:42.953,2.0568,2.05724,1.00,1.50
2015.08.06 09:09:43.055,2.0568,2.05721,1.00,1.00
2015.08.06 09:09:43.587,2.0568,2.0572,1.00,1.00
2015.08.06 09:09:43.889,2.05674,2.05714,1.00,1.00
2015.08.06 09:09:44.251,2.05676,2.05718,1.00,1.00
2015.08.06 09:09:44.403,2.0568,2.05718,1.00,1.00
2015.08.06 09:09:44.710,2.05676,2.05718,1.00,1.50
2015.08.06 09:09:44.817,2.05674,2.05718,1.00,1.50
2015.08.06 09:09:45.271,2.05673,2.05716,1.00,1.00
2015.08.06 09:09:45.372,2.05673,2.05718,1.00,2.25
2015.08.06 09:09:45.423,2.05672,2.05715,1.00,1.00
2015.08.06 09:09:46.071,2.05671,2.05715,1.00,1.00
2015.08.06 09:09:46.404,2.05673,2.05715,1.00,1.00
2015.08.06 09:09:46.929,2.05675,2.05715,1.00,1.00
2015.08.06 09:09:47.209,2.05673,2.05715,1.00,1.00
2015.08.06 09:09:47.260,2.05675,2.05715,1.00,1.00
2015.08.06 09:09:48.021,2.05673,2.05715,1.00,1.50
2015.08.06 09:09:48.340,2.0567,2.05713,1.00,1.00
2015.08.06 09:09:48.740,2.0567,2.05715,1.50,1.00
2015.08.06 09:09:48.892,2.05672,2.05715,1.00,1.00
2015.08.06 09:09:49.897,2.0567,2.05715,1.50,1.00
2015.08.06 09:09:49.998,2.05673,2.05715,1.00,1.00
2015.08.06 09:09:53.106,2.05676,2.05718,1.00,1.00
2015.08.06 09:09:54.979,2.05676,2.05718,1.00,1.37
2015.08.06 09:09:55.281,2.05676,2.05712,1.00,1.00
2015.08.06 09:09:55.498,2.05672,2.05712,1.00,1.00
2015.08.06 09:09:55.549,2.05669,2.05707,1.00,1.00
2015.08.06 09:09:55.920,2.05672,2.0571,1.00,1.00
2015.08.06 09:09:55.970,2.05677,2.05717,1.00,1.00
2015.08.06 09:09:56.374,2.05683,2.05721,1.00,1.37
2015.08.06 09:09:57.079,2.05683,2.05722,1.00,1.37
2015.08.06 09:09:57.180,2.05683,2.05723,1.00,1.87
2015.08.06 09:09:57.281,2.05683,2.05719,1.00,1.00
2015.08.06 09:09:57.589,2.05683,2.05723,1.00,1.87
2015.08.06 09:09:57.841,2.0568,2.05721,1.34,1.37
2015.08.06 09:09:57.891,2.05684,2.05721,1.00,1.37
2015.08.06 09:09:57.993,2.05684,2.05726,2.25,1.00
2015.08.06 09:09:58.094,2.05684,2.05729,2.25,1.87
2015.08.06 09:09:58.145,2.05686,2.05729,1.00,1.37
2015.08.06 09:09:58.448,2.05696,2.05737,1.00,1.37
2015.08.06 09:09:59.378,2.05696,2.05739,1.00,1.37
2015.08.06 09:09:59.975,2.05689,2.0573,1.00,1.00
2015.08.06 09:10:00.480,2.05686,2.05725,1.00,1.00
2015.08.06 09:10:00.810,2.05688,2.05727,1.00,1.00
2015.08.06 09:10:01.012,2.0569,2.0573,1.00,1.00
2015.08.06 09:10:01.233,2.0569,2.05726,1.00,1.00
2015.08.06 09:10:02.426,2.05688,2.05726,1.00,1.00
2015.08.06 09:10:02.477,2.05689,2.05728,1.00,1.00
2015.08.06 09:10:02.679,2.05689,2.05731,1.50,2.25
2015.08.06 09:10:03.192,2.05689,2.05729,1.00,1.00
2015.08.06 09:10:03.843,2.05689,2.0573,1.50,1.00
2015.08.06 09:10:04.384,2.05689,2.05732,1.00,1.00
2015.08.06 09:10:04.751,2.05689,2.05729,1.00,1.00
2015.08.06 09:10:04.852,2.05689,2.05731,1.00,1.00
2015.08.06 09:10:05.355,2.05689,2.0573,1.00,1.00
2015.08.06 09:10:05.456,2.05689,2.05732,1.00,1.00
2015.08.06 09:10:06.190,2.05689,2.05731,1.00,1.00
2015.08.06 09:10:08.724,2.05696,2.05733,1.00,1.12
2015.08.06 09:10:09.027,2.05704,2.05737,1.00,1.00
2015.08.06 09:10:09.128,2.05704,2.05742,1.00,2.73
2015.08.06 09:10:09.380,2.05709,2.05742,1.00,1.00
2015.08.06 09:10:09.940,2.05709,2.05741,1.00,1.00
2015.08.06 09:10:10.234,2.05705,2.05741,1.00,1.00
2015.08.06 09:10:10.385,2.05705,2.05743,1.00,1.00
2015.08.06 09:10:10.486,2.05702,2.05743,1.00,1.00
2015.08.06 09:10:10.587,2.05715,2.05747,1.00,1.50
2015.08.06 09:10:11.041,2.05715,2.05745,1.00,1.00
2015.08.06 09:10:11.343,2.05704,2.05746,1.50,1.50
2015.08.06 09:10:11.588,2.05714,2.05746,1.00,1.50
2015.08.06 09:10:11.892,2.05714,2.05749,1.00,1.00
2015.08.06 09:10:12.245,2.05714,2.05747,1.00,1.00
2015.08.06 09:10:12.346,2.05714,2.0575,1.00,1.00
2015.08.06 09:10:12.447,2.0571,2.0575,1.00,1.00
2015.08.06 09:10:12.548,2.0571,2.05748,1.00,1.00
2015.08.06 09:10:12.951,2.05704,2.05741,1.00,1.00
2015.08.06 09:10:13.002,2.05698,2.05741,1.50,1.00
2015.08.06 09:10:13.153,2.05704,2.05742,1.00,1.00
2015.08.06 09:10:13.406,2.05699,2.05741,1.00,1.00
2015.08.06 09:10:13.561,2.05699,2.05744,1.00,1.50
2015.08.06 09:10:13.762,2.05699,2.05741,1.00,1.00
2015.08.06 09:10:14.331,2.05699,2.05742,1.00,1.00
2015.08.06 09:10:14.635,2.05706,2.05745,1.00,1.00
2015.08.06 09:10:14.938,2.05706,2.05743,1.00,1.50
2015.08.06 09:10:15.040,2.05699,2.05742,1.00,2.25
2015.08.06 09:10:15.191,2.05699,2.0574,1.50,1.00
2015.08.06 09:10:15.496,2.05704,2.0574,1.00,1.00
2015.08.06 09:10:15.988,2.05704,2.05738,1.00,1.00
2015.08.06 09:10:16.089,2.05704,2.05741,1.00,1.00
2015.08.06 09:10:16.291,2.05704,2.05743,1.00,1.00
2015.08.06 09:10:16.594,2.05708,2.05743,1.00,1.00
2015.08.06 09:10:16.957,2.05708,2.05747,1.00,1.00
2015.08.06 09:10:17.058,2.05708,2.05743,1.00,1.00
2015.08.06 09:10:17.262,2.05708,2.05746,1.00,1.00
2015.08.06 09:10:17.313,2.05713,2.05746,1.00,1.00
2015.08.06 09:10:17.822,2.05713,2.05744,1.00,1.00
2015.08.06 09:10:18.326,2.05713,2.05743,1.00,1.00
2015.08.06 09:10:18.377,2.05713,2.05746,1.00,1.00
2015.08.06 09:10:18.478,2.05713,2.05744,1.00,1.00
2015.08.06 09:10:18.802,2.05716,2.05747,1.00,1.00
2015.08.06 09:10:19.070,2.05718,2.0575,1.00,1.00
2015.08.06 09:10:19.577,2.05718,2.05751,1.00,1.00
2015.08.06 09:10:20.258,2.05718,2.0575,1.00,1.00
2015.08.06 09:10:20.461,2.05718,2.05752,1.00,1.00
2015.08.06 09:10:20.612,2.05718,2.0575,1.00,1.00
2015.08.06 09:10:20.713,2.05718,2.05754,1.00,1.00
2015.08.06 09:10:20.916,2.05718,2.0575,1.00,1.00
2015.08.06 09:10:21.018,2.05703,2.05748,1.00,1.00
2015.08.06 09:10:21.119,2.05703,2.05746,1.00,1.00
2015.08.06 09:10:21.625,2.05704,2.05747,1.00,1.00
2015.08.06 09:10:22.701,2.05708,2.05749,1.00,1.37
2015.08.06 09:10:22.858,2.057,2.05743,1.00,1.00
2015.08.06 09:10:22.909,2.05698,2.05743,1.00,1.50
2015.08.06 09:10:22.960,2.05698,2.05738,1.00,1.00
2015.08.06 09:10:23.011,2.05695,2.05738,1.00,1.00
2015.08.06 09:10:23.212,2.05695,2.05736,1.00,1.00
2015.08.06 09:10:23.969,2.05698,2.05741,1.00,1.50
2015.08.06 09:10:24.359,2.05695,2.0574,1.00,1.00
2015.08.06 09:10:24.460,2.05694,2.05737,1.00,1.00
2015.08.06 09:10:24.561,2.05695,2.0574,1.00,1.00
2015.08.06 09:10:24.678,2.05695,2.05737,1.00,1.00
2015.08.06 09:10:24.998,2.05708,2.05743,1.00,1.00
2015.08.06 09:10:25.342,2.05702,2.05738,1.00,1.00
2015.08.06 09:10:25.499,2.057,2.05744,1.50,1.00
2015.08.06 09:10:25.667,2.05702,2.05744,1.00,1.00
2015.08.06 09:10:25.999,2.05714,2.05745,1.00,1.37
2015.08.06 09:10:26.302,2.05698,2.05739,1.50,1.00
2015.08.06 09:10:26.454,2.05698,2.05735,1.00,1.00
2015.08.06 09:10:26.718,2.05694,2.05735,1.00,1.00
2015.08.06 09:10:26.870,2.05696,2.05739,1.00,1.00
2015.08.06 09:10:26.971,2.05699,2.05739,1.00,1.00
2015.08.06 09:10:27.273,2.0571,2.05747,1.00,1.50
2015.08.06 09:10:27.475,2.05712,2.0575,1.00,1.00
2015.08.06 09:10:27.526,2.05707,2.05745,1.50,1.00
2015.08.06 09:10:28.196,2.05708,2.05745,1.00,1.00
2015.08.06 09:10:28.499,2.05711,2.05747,1.00,1.00
2015.08.06 09:10:28.852,2.05719,2.05754,1.00,1.00
2015.08.06 09:10:29.192,2.05719,2.0575,1.00,1.00
2015.08.06 09:10:29.244,2.0571,2.05748,1.00,1.00
2015.08.06 09:10:30.393,2.0572,2.05755,1.00,1.00
2015.08.06 09:10:30.829,2.0572,2.05751,1.00,1.00
2015.08.06 09:10:31.368,2.0572,2.0575,1.00,1.00
2015.08.06 09:10:31.919,2.0572,2.05749,1.00,1.00
2015.08.06 09:10:32.449,2.05716,2.05746,1.00,1.00
2015.08.06 09:10:32.550,2.05705,2.05742,1.00,1.00
2015.08.06 09:10:32.853,2.05708,2.05742,1.00,1.00
2015.08.06 09:10:33.054,2.05709,2.05744,1.00,1.00
2015.08.06 09:10:33.558,2.05709,2.05745,1.00,1.00
2015.08.06 09:10:34.419,2.05703,2.05742,1.50,1.00
2015.08.06 09:10:35.074,2.05709,2.05738,1.00,1.00
2015.08.06 09:10:35.382,2.05708,2.05743,1.00,1.00
2015.08.06 09:10:35.685,2.05708,2.05741,1.00,1.00
2015.08.06 09:10:36.228,2.05708,2.05743,1.00,1.00
2015.08.06 09:10:36.731,2.05708,2.05742,1.00,1.00
2015.08.06 09:10:36.935,2.05708,2.05736,1.00,1.00
2015.08.06 09:10:36.986,2.05704,2.05736,1.00,1.00
2015.08.06 09:10:37.087,2.05704,2.0574,1.00,1.00
2015.08.06 09:10:37.188,2.05704,2.05736,1.00,1.00
2015.08.06 09:10:37.446,2.05703,2.0574,1.00,1.00
2015.08.06 09:10:37.849,2.05708,2.05741,1.00,1.00
2015.08.06 09:10:38.051,2.05704,2.05741,1.00,1.00
2015.08.06 09:10:38.202,2.05703,2.05735,1.00,1.00
2015.08.06 09:10:38.736,2.05704,2.05735,1.00,1.00
2015.08.06 09:10:38.888,2.05704,2.05741,1.00,1.00
2015.08.06 09:10:39.797,2.05704,2.0574,1.00,1.00
2015.08.06 09:10:40.206,2.05704,2.05735,1.00,1.00
2015.08.06 09:10:41.265,2.05703,2.05734,1.00,1.00
2015.08.06 09:10:41.697,2.05704,2.05739,1.00,1.00
2015.08.06 09:10:41.798,2.05709,2.05739,1.00,1.00
2015.08.06 09:10:42.528,2.05704,2.05739,1.00,1.00
2015.08.06 09:10:42.578,2.05703,2.05736,1.00,1.00
2015.08.06 09:10:42.851,2.05704,2.05738,1.00,1.00
2015.08.06 09:10:42.902,2.05703,2.05734,1.00,1.00
2015.08.06 09:10:43.305,2.05704,2.05739,1.00,1.37
2015.08.06 09:10:43.910,2.05703,2.05738,1.00,1.50
2015.08.06 09:10:44.162,2.05703,2.05733,1.00,1.00
2015.08.06 09:10:44.381,2.05698,2.05733,1.00,1.00
2015.08.06 09:10:44.432,2.057,2.05735,1.00,1.00
2015.08.06 09:10:44.684,2.057,2.05737,1.00,1.00
2015.08.06 09:10:44.885,2.057,2.05735,1.00,1.00
2015.08.06 09:10:45.188,2.05698,2.05733,1.00,1.00
2015.08.06 09:10:45.692,2.05698,2.05734,1.00,1.00
2015.08.06 09:10:46.230,2.05699,2.05733,1.00,1.00
2015.08.06 09:10:46.633,2.05708,2.05734,1.00,1.00
2015.08.06 09:10:46.734,2.05706,2.05743,1.00,1.00
2015.08.06 09:10:46.835,2.05706,2.05741,1.00,1.00
2015.08.06 09:10:47.037,2.057,2.05737,1.00,1.00
2015.08.06 09:10:47.285,2.05703,2.05741,1.00,1.00
2015.08.06 09:10:47.638,2.05704,2.05737,1.00,1.00
2015.08.06 09:10:47.940,2.05703,2.05734,1.00,1.00
2015.08.06 09:10:48.293,2.05703,2.05738,1.00,1.00
2015.08.06 09:10:48.444,2.05703,2.0574,1.00,1.00
2015.08.06 09:10:48.700,2.05703,2.05738,1.00,1.00
2015.08.06 09:10:49.355,2.05702,2.05738,1.00,1.00
2015.08.06 09:10:49.557,2.05697,2.05734,1.00,1.00
2015.08.06 09:10:49.809,2.05699,2.05734,1.00,1.00
2015.08.06 09:10:50.113,2.057,2.05737,1.00,1.00
2015.08.06 09:10:50.164,2.05705,2.0574,1.00,1.00
2015.08.06 09:10:50.479,2.05709,2.05741,1.00,1.00
2015.08.06 09:10:50.581,2.05705,2.05741,1.00,1.00
2015.08.06 09:10:50.918,2.05705,2.05739,1.00,1.00
2015.08.06 09:10:50.968,2.05705,2.05742,1.00,1.00
2015.08.06 09:10:51.120,2.05703,2.05741,1.50,1.00
2015.08.06 09:10:52.706,2.05707,2.05744,1.00,1.00
2015.08.06 09:10:53.870,2.05707,2.05743,1.00,1.00
2015.08.06 09:10:54.374,2.05707,2.05742,1.00,1.00
2015.08.06 09:10:55.449,2.05704,2.05741,1.00,1.00
2015.08.06 09:10:56.307,2.05704,2.05741,2.59,1.50
2015.08.06 09:10:56.459,2.05718,2.05748,1.00,1.00
2015.08.06 09:10:56.678,2.05715,2.05752,1.34,1.50
2015.08.06 09:10:56.729,2.05715,2.05752,1.00,1.00
2015.08.06 09:10:56.780,2.05713,2.05749,1.00,1.00
2015.08.06 09:10:57.083,2.05716,2.05752,1.00,1.00
2015.08.06 09:10:57.235,2.05716,2.05755,1.00,1.50
2015.08.06 09:10:57.460,2.05716,2.05752,1.00,1.00
2015.08.06 09:10:57.674,2.05716,2.05754,1.00,1.00
2015.08.06 09:10:58.545,2.05716,2.05755,1.00,1.50
2015.08.06 09:10:58.596,2.05718,2.05755,1.00,1.50
2015.08.06 09:10:58.697,2.05723,2.05761,1.00,1.00
2015.08.06 09:10:58.949,2.05728,2.05765,1.00,1.50
2015.08.06 09:11:03.342,2.05732,2.05767,1.00,1.00
2015.08.06 09:11:03.878,2.05732,2.05768,1.00,1.00
2015.08.06 09:11:04.467,2.05732,2.0577,1.00,1.50
2015.08.06 09:11:04.569,2.05732,2.05768,1.00,1.00
2015.08.06 09:11:04.930,2.05732,2.05766,1.00,1.00
2015.08.06 09:11:05.031,2.05729,2.05767,1.50,1.00
2015.08.06 09:11:06.583,2.05736,2.05771,1.00,1.00
2015.08.06 09:11:06.886,2.05744,2.05776,1.00,1.00
2015.08.06 09:11:09.120,2.05743,2.05776,1.00,1.50
2015.08.06 09:11:09.423,2.05747,2.05775,1.00,1.00
2015.08.06 09:11:09.938,2.05737,2.05773,1.00,1.00
2015.08.06 09:11:10.341,2.05735,2.05774,1.00,1.00
2015.08.06 09:11:10.795,2.05745,2.05773,1.00,1.00
2015.08.06 09:11:11.408,2.05745,2.05775,1.00,1.00
2015.08.06 09:11:11.778,2.05745,2.05777,1.00,1.00
2015.08.06 09:11:12.111,2.05745,2.0578,1.00,1.50
2015.08.06 09:11:12.161,2.05748,2.0578,1.00,1.50
2015.08.06 09:11:12.464,2.05752,2.0578,1.00,1.00
2015.08.06 09:11:12.515,2.05744,2.0578,1.00,1.50
2015.08.06 09:11:14.216,2.05744,2.05779,1.00,1.00
2015.08.06 09:11:14.817,2.05744,2.0578,1.00,1.00
2015.08.06 09:11:20.142,2.05753,2.05783,1.00,1.00
2015.08.06 09:11:20.445,2.05758,2.05784,1.00,1.00
2015.08.06 09:11:20.546,2.05758,2.05787,1.00,1.00
2015.08.06 09:11:20.748,2.05758,2.05789,1.00,1.00
2015.08.06 09:11:22.314,2.05758,2.05787,1.00,1.00
2015.08.06 09:11:26.258,2.05758,2.05792,1.00,1.50
2015.08.06 09:11:26.509,2.05753,2.05784,1.00,1.00
2015.08.06 09:11:26.611,2.05754,2.05791,1.00,1.00
2015.08.06 09:11:26.662,2.05758,2.05792,1.00,1.00
2015.08.06 09:11:26.864,2.05749,2.05787,1.00,1.00
2015.08.06 09:11:26.966,2.05746,2.05782,1.00,1.50
2015.08.06 09:11:27.638,2.05747,2.05782,1.00,1.00
2015.08.06 09:11:27.689,2.05748,2.05786,1.00,1.50
2015.08.06 09:11:27.790,2.05745,2.05783,1.00,1.00
2015.08.06 09:11:28.129,2.05748,2.05787,1.00,1.00
2015.08.06 09:11:31.177,2.05759,2.05789,1.00,1.00
2015.08.06 09:11:31.228,2.05763,2.05798,1.00,1.50
2015.08.06 09:11:31.278,2.05766,2.05799,1.00,1.00
2015.08.06 09:11:31.329,2.05761,2.05799,1.00,1.50
2015.08.06 09:11:31.480,2.05768,2.05805,1.00,1.50
2015.08.06 09:11:31.793,2.0577,2.05806,1.00,1.00
2015.08.06 09:11:32.357,2.0577,2.05802,1.00,1.00
2015.08.06 09:11:32.458,2.0577,2.05806,1.00,1.00
2015.08.06 09:11:32.560,2.0577,2.05804,1.00,1.00
2015.08.06 09:11:32.878,2.05763,2.05799,1.00,1.00
2015.08.06 09:11:32.928,2.05763,2.05797,1.00,1.00
2015.08.06 09:11:33.231,2.05763,2.05795,1.00,1.00
2015.08.06 09:11:33.433,2.05763,2.05798,1.00,1.00
2015.08.06 09:11:33.937,2.05764,2.05798,1.00,1.00
2015.08.06 09:11:34.474,2.05763,2.05798,1.00,1.00
2015.08.06 09:11:34.626,2.05763,2.05801,1.50,1.00
2015.08.06 09:11:34.847,2.05768,2.05805,1.00,1.00
2015.08.06 09:11:35.317,2.05768,2.05802,1.00,1.00
2015.08.06 09:11:35.548,2.05763,2.05798,1.00,1.00
2015.08.06 09:11:35.701,2.05763,2.05795,1.00,1.00
2015.08.06 09:11:35.752,2.05758,2.05795,1.50,1.00
2015.08.06 09:11:36.507,2.05759,2.05795,1.00,1.00
2015.08.06 09:11:36.891,2.05763,2.058,1.00,1.00
2015.08.06 09:11:36.946,2.05763,2.05797,1.00,1.00
2015.08.06 09:11:37.047,2.05763,2.058,1.00,1.00
2015.08.06 09:11:37.098,2.05768,2.058,1.00,1.00
2015.08.06 09:11:37.200,2.05768,2.05803,1.00,1.00
2015.08.06 09:11:37.301,2.05759,2.05797,1.00,1.00
2015.08.06 09:11:37.352,2.05758,2.058,1.50,1.00
2015.08.06 09:11:37.403,2.05757,2.05798,1.00,1.00
2015.08.06 09:11:37.860,2.05754,2.05791,1.00,1.00
2015.08.06 09:11:37.911,2.05754,2.05795,1.00,1.00
2015.08.06 09:11:38.375,2.05757,2.05795,1.00,1.00
2015.08.06 09:11:38.684,2.05769,2.05798,1.00,1.00
2015.08.06 09:11:38.886,2.05753,2.05795,1.50,1.00
2015.08.06 09:11:39.390,2.05756,2.05795,1.00,1.00
2015.08.06 09:11:39.693,2.05768,2.05798,1.00,1.00
2015.08.06 09:11:39.996,2.05768,2.05795,1.00,1.00
2015.08.06 09:11:40.097,2.05752,2.05795,1.00,1.50
2015.08.06 09:11:40.852,2.05751,2.05794,1.00,1.00
2015.08.06 09:11:40.953,2.05751,2.05791,1.00,1.00
2015.08.06 09:11:41.054,2.05751,2.05794,1.00,1.00
2015.08.06 09:11:41.155,2.05751,2.05792,1.00,1.00
