2010.08.02 09:00:00.416,1.61705,1.6176,1.00,2.40
2010.08.02 09:00:01.106,1.61705,1.6176,1.30,1.60
2010.08.02 09:00:01.276,1.6171,1.6176,1.00,1.60
2010.08.02 09:00:02.217,1.6171,1.61765,1.00,1.60
2010.08.02 09:00:02.486,1.6171,1.61765,1.00,3.10
2010.08.02 09:00:04.376,1.6171,1.61765,1.00,1.60
2010.08.02 09:00:10.616,1.6171,1.61765,1.00,2.40
2010.08.02 09:00:10.806,1.6171,1.61765,1.00,1.60
2010.08.02 09:00:11.406,1.6171,1.61765,1.30,1.00
2010.08.02 09:00:11.627,1.6171,1.61765,2.00,1.00
2010.08.02 09:00:12.396,1.6171,1.61765,3.60,1.00
2010.08.02 09:00:13.687,1.6172,1.61765,1.00,1.00
2010.08.02 09:00:14.146,1.6172,1.6177,1.00,1.00
2010.08.02 09:00:15.037,1.6172,1.6177,3.60,1.00
2010.08.02 09:00:15.297,1.6173,1.6178,1.20,1.00
2010.08.02 09:00:15.694,1.6173,1.61785,2.00,1.20
2010.08.02 09:00:15.956,1.6173,1.61785,2.00,1.00
2010.08.02 09:00:16.876,1.6173,1.6178,1.00,1.00
2010.08.02 09:00:23.907,1.61715,1.6176,1.00,1.00
2010.08.02 09:00:24.046,1.61715,1.6175,1.00,1.00
2010.08.02 09:00:24.186,1.6171,1.6175,1.00,1.00
2010.08.02 09:00:24.646,1.6171,1.61755,1.00,1.90
2010.08.02 09:00:25.957,1.6171,1.61755,1.00,1.00
2010.08.02 09:00:26.856,1.6171,1.6175,1.00,1.00
2010.08.02 09:00:27.862,1.6171,1.61755,1.00,1.00
2010.08.02 09:00:27.977,1.6171,1.61755,1.00,1.20
2010.08.02 09:00:28.086,1.6171,1.6175,1.00,1.00
2010.08.02 09:00:28.427,1.61705,1.61745,1.30,1.20
2010.08.02 09:00:28.539,1.61705,1.61745,1.00,1.00
2010.08.02 09:00:28.656,1.617,1.61745,1.30,1.00
2010.08.02 09:00:29.946,1.617,1.6175,1.30,3.90
2010.08.02 09:00:30.567,1.617,1.61745,1.30,1.50
2010.08.02 09:00:30.807,1.617,1.61745,1.30,1.00
2010.08.02 09:00:31.287,1.617,1.61745,1.30,1.20
2010.08.02 09:00:31.506,1.61695,1.61745,1.30,1.20
2010.08.02 09:00:31.946,1.61695,1.61745,1.30,1.00
2010.08.02 09:00:32.566,1.61695,1.6175,1.30,1.60
2010.08.02 09:00:34.480,1.617,1.61755,1.30,1.00
2010.08.02 09:00:35.178,1.6169,1.61745,1.20,1.00
2010.08.02 09:00:35.456,1.6169,1.6174,1.00,1.20
2010.08.02 09:00:35.948,1.6169,1.6174,1.00,2.00
2010.08.02 09:00:36.302,1.61685,1.61735,1.00,1.00
2010.08.02 09:00:37.467,1.61685,1.61735,1.50,1.00
2010.08.02 09:00:37.706,1.6168,1.61735,1.30,1.50
2010.08.02 09:00:37.947,1.6168,1.6171,1.30,1.00
2010.08.02 09:00:38.248,1.61665,1.61705,1.00,1.00
2010.08.02 09:00:38.926,1.61665,1.6172,1.00,1.00
2010.08.02 09:00:39.196,1.61665,1.6172,1.30,1.00
2010.08.02 09:00:39.466,1.61665,1.6172,3.20,1.60
2010.08.02 09:00:39.736,1.6166,1.6171,1.30,1.00
2010.08.02 09:00:40.387,1.6166,1.61715,1.30,1.50
2010.08.02 09:00:40.986,1.61665,1.6172,1.00,1.60
2010.08.02 09:00:41.286,1.61665,1.6172,1.80,1.60
2010.08.02 09:00:43.806,1.61665,1.6172,2.60,1.60
2010.08.02 09:00:44.046,1.6167,1.6172,1.00,1.60
2010.08.02 09:00:44.641,1.6167,1.61725,1.00,1.60
2010.08.02 09:00:44.918,1.6167,1.61725,1.80,1.60
2010.08.02 09:00:45.196,1.6167,1.61725,2.60,1.60
2010.08.02 09:00:45.466,1.6167,1.61725,4.20,1.60
2010.08.02 09:00:45.736,1.6167,1.61725,4.20,1.00
2010.08.02 09:00:47.057,1.6168,1.61725,1.00,1.00
2010.08.02 09:00:48.760,1.61685,1.61725,1.00,1.00
2010.08.02 09:00:49.100,1.61675,1.6172,2.40,1.00
2010.08.02 09:00:49.228,1.61675,1.6172,1.60,1.00
2010.08.02 09:00:49.736,1.61665,1.6172,2.00,1.00
2010.08.02 09:00:49.976,1.61665,1.6172,2.80,1.00
2010.08.02 09:00:50.836,1.61665,1.6172,2.80,2.30
2010.08.02 09:00:51.177,1.61665,1.6172,1.30,3.10
2010.08.02 09:00:51.306,1.61665,1.61715,1.30,1.00
2010.08.02 09:00:51.436,1.6166,1.61715,2.00,1.00
2010.08.02 09:00:53.936,1.6166,1.61715,1.70,2.30
2010.08.02 09:00:54.166,1.6166,1.61705,1.30,1.00
2010.08.02 09:00:54.396,1.6166,1.61715,2.00,1.60
2010.08.02 09:00:54.850,1.61675,1.61715,1.00,1.60
2010.08.02 09:00:55.187,1.61695,1.61755,1.30,1.60
2010.08.02 09:00:57.332,1.617,1.61755,1.00,1.60
2010.08.02 09:00:57.387,1.61705,1.6176,1.30,1.20
2010.08.02 09:00:57.806,1.617,1.61755,1.00,1.60
2010.08.02 09:00:59.428,1.61685,1.6174,1.30,1.00
2010.08.02 09:00:59.667,1.6168,1.6174,4.40,1.00
2010.08.02 09:01:00.062,1.6168,1.61735,4.40,1.00
2010.08.02 09:01:00.526,1.61685,1.61735,1.00,1.00
2010.08.02 09:01:00.788,1.6169,1.61735,1.00,1.00
2010.08.02 09:01:01.047,1.61685,1.61735,2.80,1.00
2010.08.02 09:01:01.877,1.61695,1.61735,1.00,1.00
2010.08.02 09:01:02.087,1.617,1.6175,1.00,1.60
2010.08.02 09:01:02.296,1.61695,1.6175,1.30,1.60
2010.08.02 09:01:02.716,1.6169,1.6175,2.80,1.60
2010.08.02 09:01:03.128,1.6169,1.61745,2.80,1.00
2010.08.02 09:01:03.466,1.6169,1.61745,2.80,1.60
2010.08.02 09:01:04.147,1.6171,1.61745,1.00,1.60
2010.08.02 09:01:04.316,1.6171,1.6175,1.00,1.60
2010.08.02 09:01:04.701,1.6171,1.6175,1.00,1.00
2010.08.02 09:01:06.498,1.6171,1.61745,1.00,1.00
2010.08.02 09:01:06.548,1.61695,1.61745,1.00,1.00
2010.08.02 09:01:06.697,1.61695,1.6174,1.00,1.60
2010.08.02 09:01:10.510,1.6169,1.6174,1.00,2.30
2010.08.02 09:01:10.848,1.61675,1.6173,1.00,1.00
2010.08.02 09:01:11.188,1.61675,1.61725,1.00,1.60
2010.08.02 09:01:12.316,1.6168,1.61725,1.00,1.60
2010.08.02 09:01:12.487,1.61685,1.61725,1.50,1.60
2010.08.02 09:01:13.010,1.6169,1.6173,1.00,1.00
2010.08.02 09:01:13.179,1.6169,1.61735,1.00,2.70
2010.08.02 09:01:13.347,1.6169,1.61735,1.00,1.20
2010.08.02 09:01:13.688,1.61675,1.6173,1.80,1.00
2010.08.02 09:01:14.027,1.61675,1.6173,1.80,1.60
2010.08.02 09:01:14.839,1.6169,1.6173,1.00,1.00
2010.08.02 09:01:15.098,1.61685,1.6173,1.00,1.00
2010.08.02 09:01:15.346,1.6168,1.6173,1.70,1.00
2010.08.02 09:01:19.937,1.61685,1.6173,1.00,1.00
2010.08.02 09:01:21.317,1.61695,1.61735,1.00,1.00
2010.08.02 09:01:21.657,1.61685,1.61735,1.00,1.00
2010.08.02 09:01:21.997,1.6169,1.61735,1.50,1.00
2010.08.02 09:01:22.696,1.61685,1.61735,1.00,1.00
2010.08.02 09:01:23.237,1.61685,1.61735,1.00,1.60
2010.08.02 09:01:23.426,1.61685,1.6173,1.00,1.00
2010.08.02 09:01:25.956,1.6168,1.6173,1.00,1.00
2010.08.02 09:01:26.613,1.61685,1.6173,1.00,1.00
2010.08.02 09:01:26.799,1.6172,1.61745,1.00,1.50
2010.08.02 09:01:27.137,1.6173,1.6178,1.00,1.00
2010.08.02 09:01:28.166,1.6173,1.61785,1.70,1.60
2010.08.02 09:01:28.437,1.61735,1.6179,1.30,3.10
2010.08.02 09:01:28.708,1.61735,1.61785,1.30,1.00
2010.08.02 09:01:28.977,1.6173,1.61775,1.30,1.00
2010.08.02 09:01:29.247,1.61725,1.61775,1.30,1.00
2010.08.02 09:01:30.006,1.61725,1.6178,1.30,2.00
2010.08.02 09:01:30.906,1.61725,1.61775,1.30,1.00
2010.08.02 09:01:31.127,1.6172,1.6177,1.70,1.00
2010.08.02 09:01:31.346,1.6172,1.6177,2.50,1.00
2010.08.02 09:01:31.567,1.61725,1.6178,1.50,2.00
2010.08.02 09:01:31.647,1.6173,1.6178,1.00,2.00
2010.08.02 09:01:32.042,1.6173,1.6178,1.00,1.20
2010.08.02 09:01:32.127,1.6172,1.61775,1.80,1.00
2010.08.02 09:01:32.207,1.6173,1.61775,1.00,1.00
2010.08.02 09:01:32.526,1.6173,1.6178,1.00,1.00
2010.08.02 09:01:35.636,1.61725,1.6178,1.70,1.00
2010.08.02 09:01:35.867,1.6173,1.6178,1.00,1.00
2010.08.02 09:01:36.377,1.61725,1.6178,1.70,1.00
2010.08.02 09:01:36.656,1.61725,1.6178,1.00,1.60
2010.08.02 09:01:38.271,1.61725,1.6178,1.00,3.10
2010.08.02 09:01:38.956,1.61725,1.6178,1.00,1.60
2010.08.02 09:01:47.480,1.61725,1.6178,1.00,1.60
2010.08.02 09:01:51.150,1.61725,1.61775,1.00,1.00
2010.08.02 09:01:51.588,1.61725,1.61775,1.00,1.60
2010.08.02 09:01:51.687,1.6172,1.61775,1.00,2.40
2010.08.02 09:01:56.513,1.61715,1.6177,1.30,1.00
2010.08.02 09:01:56.747,1.61715,1.6177,1.00,1.60
2010.08.02 09:01:57.418,1.61715,1.6177,1.00,2.40
2010.08.02 09:01:57.776,1.61715,1.61765,1.00,1.50
2010.08.02 09:01:58.477,1.61705,1.61765,1.00,4.30
2010.08.02 09:01:58.929,1.61705,1.6176,1.00,1.00
2010.08.02 09:01:59.269,1.6171,1.61765,1.00,1.60
2010.08.02 09:02:06.089,1.6171,1.61765,1.00,1.60
2010.08.02 09:02:06.708,1.6171,1.61765,1.00,2.00
2010.08.02 09:02:09.418,1.61715,1.61765,1.00,1.60
2010.08.02 09:02:09.608,1.6171,1.61765,1.00,2.00
2010.08.02 09:02:13.948,1.61715,1.61765,1.00,1.60
2010.08.02 09:02:14.684,1.6171,1.61765,1.00,2.00
2010.08.02 09:02:19.008,1.61715,1.61765,1.00,1.60
2010.08.02 09:02:19.858,1.6171,1.61765,1.00,2.00
2010.08.02 09:02:20.177,1.6171,1.61765,1.00,1.60
2010.08.02 09:02:20.497,1.61715,1.6177,1.00,1.60
2010.08.02 09:02:21.368,1.61715,1.6176,1.00,1.00
2010.08.02 09:02:21.607,1.6171,1.61755,1.00,1.00
2010.08.02 09:02:21.847,1.6171,1.6176,1.00,1.60
2010.08.02 09:02:21.967,1.6171,1.61765,1.00,1.60
2010.08.02 09:02:24.707,1.6171,1.61765,1.00,1.60
2010.08.02 09:02:30.427,1.61715,1.6177,1.00,1.60
2010.08.02 09:02:40.267,1.61715,1.6177,1.00,3.10
2010.08.02 09:02:40.457,1.61715,1.6177,1.00,1.60
2010.08.02 09:02:41.066,1.61715,1.61765,1.00,1.50
2010.08.02 09:02:43.598,1.61715,1.6177,1.00,1.60
2010.08.02 09:02:49.577,1.61715,1.6177,1.00,3.10
2010.08.02 09:02:51.431,1.61715,1.61765,1.00,1.50
2010.08.02 09:03:00.011,1.61715,1.6177,1.00,3.10
2010.08.02 09:03:02.301,1.6171,1.61765,1.30,1.00
2010.08.02 09:03:02.379,1.6171,1.61765,1.30,2.40
2010.08.02 09:03:02.456,1.6171,1.61765,1.30,3.90
2010.08.02 09:03:04.218,1.6171,1.6176,1.30,1.50
2010.08.02 09:03:04.409,1.6171,1.61765,1.30,3.90
2010.08.02 09:03:07.087,1.6171,1.61765,1.30,2.80
2010.08.02 09:03:07.635,1.61705,1.6176,1.00,1.60
2010.08.02 09:03:07.840,1.61705,1.6176,1.50,2.30
2010.08.02 09:03:08.041,1.617,1.61755,1.00,2.40
2010.08.02 09:03:08.614,1.617,1.61755,1.30,1.60
2010.08.02 09:03:08.948,1.617,1.61755,1.30,3.10
2010.08.02 09:03:11.529,1.61705,1.61755,1.00,1.50
2010.08.02 09:03:11.768,1.61705,1.6176,1.00,2.00
2010.08.02 09:03:12.008,1.61705,1.6176,1.00,3.90
2010.08.02 09:03:12.157,1.61705,1.6176,1.00,2.80
2010.08.02 09:03:12.646,1.61705,1.6176,1.00,2.00
2010.08.02 09:03:13.138,1.61705,1.6176,1.00,1.60
2010.08.02 09:03:13.478,1.61705,1.6176,1.00,2.40
2010.08.02 09:03:13.818,1.61705,1.6176,1.00,2.80
2010.08.02 09:03:15.389,1.617,1.61745,1.00,1.00
2010.08.02 09:03:15.638,1.6169,1.61745,1.30,1.00
2010.08.02 09:03:15.898,1.6169,1.61745,1.30,1.20
2010.08.02 09:03:16.147,1.6169,1.61745,1.30,2.00
2010.08.02 09:03:16.749,1.61695,1.61745,2.30,1.00
2010.08.02 09:03:17.476,1.617,1.6175,1.00,1.00
2010.08.02 09:03:17.699,1.617,1.61755,1.30,1.60
2010.08.02 09:03:18.147,1.617,1.6176,1.30,2.80
2010.08.02 09:03:18.367,1.617,1.6176,2.00,2.00
2010.08.02 09:03:18.888,1.61705,1.6176,1.30,2.00
2010.08.02 09:03:22.386,1.61705,1.6176,1.30,1.20
2010.08.02 09:03:22.687,1.61705,1.61755,1.30,1.00
2010.08.02 09:03:22.927,1.61705,1.61755,2.80,1.00
2010.08.02 09:03:23.047,1.6171,1.61765,1.00,2.80
2010.08.02 09:03:23.476,1.6171,1.61765,1.30,2.40
2010.08.02 09:03:23.588,1.6171,1.6176,1.30,1.00
2010.08.02 09:03:24.892,1.6171,1.61755,1.30,1.00
2010.08.02 09:03:25.137,1.61705,1.6176,1.30,2.00
2010.08.02 09:03:25.368,1.61705,1.6176,1.30,1.00
2010.08.02 09:03:26.938,1.61705,1.61755,1.30,1.00
2010.08.02 09:03:27.297,1.6171,1.6176,1.00,1.00
2010.08.02 09:03:27.806,1.6171,1.6176,1.30,1.00
2010.08.02 09:03:30.397,1.6171,1.6176,1.30,1.20
2010.08.02 09:03:30.899,1.6171,1.6176,1.00,1.20
2010.08.02 09:03:31.127,1.6171,1.6176,1.00,2.00
2010.08.02 09:03:33.547,1.6171,1.6176,1.00,1.20
2010.08.02 09:03:33.746,1.6171,1.6176,1.00,1.00
2010.08.02 09:03:34.147,1.6171,1.61765,1.30,1.20
2010.08.02 09:03:35.898,1.61715,1.61765,1.50,1.00
2010.08.02 09:03:37.227,1.61715,1.6177,2.80,1.00
2010.08.02 09:03:38.317,1.61715,1.61765,2.80,1.00
2010.08.02 09:03:38.724,1.61715,1.6176,1.00,1.00
2010.08.02 09:03:39.038,1.6171,1.6176,1.30,1.00
2010.08.02 09:03:42.126,1.6171,1.61765,2.00,3.10
2010.08.02 09:03:42.814,1.6171,1.61765,2.00,1.60
2010.08.02 09:03:43.137,1.61715,1.61765,1.00,1.60
2010.08.02 09:03:43.567,1.6171,1.61765,2.00,1.00
2010.08.02 09:03:44.188,1.6172,1.6177,1.00,1.00
2010.08.02 09:03:44.457,1.6172,1.61775,1.30,1.00
2010.08.02 09:03:49.447,1.6172,1.61775,2.80,1.00
2010.08.02 09:03:49.627,1.6172,1.61775,1.30,1.00
2010.08.02 09:03:50.418,1.61725,1.6178,1.30,1.60
2010.08.02 09:03:54.467,1.61725,1.6178,1.30,2.00
2010.08.02 09:03:56.149,1.61725,1.6178,1.30,2.80
2010.08.02 09:03:58.391,1.61725,1.6178,1.00,4.40
2010.08.02 09:03:58.508,1.6172,1.6177,1.30,1.00
2010.08.02 09:04:06.767,1.6172,1.61775,1.30,1.20
2010.08.02 09:04:06.887,1.6172,1.61775,2.00,1.00
2010.08.02 09:04:09.198,1.6172,1.61775,3.60,1.00
2010.08.02 09:04:13.127,1.6172,1.6177,2.80,1.00
2010.08.02 09:04:13.537,1.6172,1.6177,1.30,1.00
2010.08.02 09:04:15.137,1.61725,1.6177,1.30,1.00
2010.08.02 09:04:15.398,1.6173,1.6177,1.30,1.00
2010.08.02 09:04:15.770,1.6173,1.6178,1.30,1.00
2010.08.02 09:04:15.958,1.6173,1.6179,2.80,2.30
2010.08.02 09:04:16.147,1.6173,1.6179,2.00,2.30
2010.08.02 09:04:16.337,1.6173,1.61785,2.00,1.00
2010.08.02 09:04:16.597,1.6173,1.61785,1.30,2.30
2010.08.02 09:04:16.992,1.6173,1.61785,1.30,3.10
2010.08.02 09:04:17.259,1.6173,1.6179,1.80,2.30
2010.08.02 09:04:20.151,1.61735,1.6179,1.30,2.30
2010.08.02 09:04:21.288,1.61735,1.6179,1.30,1.00
2010.08.02 09:04:21.661,1.6174,1.6179,1.00,1.00
2010.08.02 09:04:21.888,1.6174,1.6179,1.30,1.00
2010.08.02 09:04:25.174,1.6175,1.61795,1.00,1.00
2010.08.02 09:04:25.628,1.6174,1.61795,2.80,1.00
2010.08.02 09:04:25.779,1.61745,1.61805,2.80,1.60
2010.08.02 09:04:26.162,1.6175,1.61805,1.00,1.60
2010.08.02 09:04:26.309,1.61755,1.6181,1.30,2.30
2010.08.02 09:04:26.647,1.61755,1.6181,2.00,2.30
2010.08.02 09:04:26.987,1.61755,1.6181,2.00,1.60
2010.08.02 09:04:27.539,1.6176,1.61815,1.30,2.40
2010.08.02 09:04:27.854,1.6176,1.6181,1.30,1.00
2010.08.02 09:04:28.157,1.61755,1.6181,1.30,1.20
2010.08.02 09:04:29.469,1.61755,1.6181,1.30,2.00
2010.08.02 09:04:29.927,1.61755,1.6181,1.30,1.20
2010.08.02 09:04:30.067,1.61755,1.6181,1.30,2.00
2010.08.02 09:04:30.896,1.61755,1.61805,1.30,1.50
2010.08.02 09:04:31.130,1.6175,1.6179,1.30,1.00
2010.08.02 09:04:32.917,1.6175,1.6179,1.00,1.00
2010.08.02 09:04:33.027,1.61745,1.6179,1.30,1.00
2010.08.02 09:04:36.551,1.61745,1.61795,2.00,1.00
2010.08.02 09:04:36.599,1.61745,1.6179,1.30,1.00
2010.08.02 09:04:38.267,1.61745,1.618,2.00,3.00
2010.08.02 09:04:38.407,1.61745,1.618,2.00,1.50
2010.08.02 09:04:38.547,1.6175,1.618,1.00,1.00
2010.08.02 09:04:38.687,1.6175,1.618,1.30,1.00
2010.08.02 09:04:41.847,1.6175,1.61805,2.00,1.50
2010.08.02 09:04:43.462,1.6175,1.61805,2.00,3.00
2010.08.02 09:04:43.658,1.6175,1.618,1.30,1.00
2010.08.02 09:04:51.009,1.6175,1.61805,1.30,3.00
2010.08.02 09:04:51.168,1.6175,1.618,1.30,1.00
2010.08.02 09:04:54.938,1.6175,1.618,1.00,1.00
2010.08.02 09:05:00.208,1.6175,1.61805,1.20,3.10
2010.08.02 09:05:01.000,1.6175,1.61805,1.20,2.40
2010.08.02 09:05:05.281,1.6175,1.61805,1.00,3.10
2010.08.02 09:05:06.487,1.6175,1.618,1.00,1.50
2010.08.02 09:05:07.754,1.61745,1.618,1.30,1.60
2010.08.02 09:05:08.874,1.61745,1.618,1.30,2.40
2010.08.02 09:05:09.198,1.61745,1.618,1.30,2.80
2010.08.02 09:05:09.518,1.6174,1.61795,1.00,1.60
2010.08.02 09:05:11.749,1.61745,1.618,1.00,3.20
2010.08.02 09:05:11.771,1.61745,1.618,1.00,4.00
2010.08.02 09:05:11.844,1.61745,1.61795,1.00,1.00
2010.08.02 09:05:12.564,1.61745,1.618,1.00,5.20
2010.08.02 09:05:12.590,1.61745,1.618,1.00,3.60
2010.08.02 09:05:12.653,1.61745,1.618,1.00,2.00
2010.08.02 09:05:16.847,1.61745,1.618,1.00,2.80
2010.08.02 09:05:17.018,1.61745,1.61795,1.00,1.00
2010.08.02 09:05:18.454,1.61745,1.618,1.00,5.50
2010.08.02 09:05:18.739,1.61745,1.618,1.00,4.00
2010.08.02 09:05:18.878,1.61745,1.618,1.00,6.00
2010.08.02 09:05:19.017,1.61745,1.61795,1.00,1.00
2010.08.02 09:05:21.382,1.61745,1.6179,1.00,1.00
2010.08.02 09:05:23.859,1.61745,1.618,1.00,2.00
2010.08.02 09:05:30.977,1.6175,1.618,1.00,1.00
2010.08.02 09:05:39.310,1.6175,1.618,1.00,1.20
2010.08.02 09:05:39.548,1.6175,1.61795,1.00,1.00
2010.08.02 09:05:42.728,1.6175,1.618,1.00,1.50
2010.08.02 09:05:43.243,1.6175,1.61795,1.00,1.00
2010.08.02 09:05:44.168,1.61745,1.61795,1.00,1.00
2010.08.02 09:05:46.117,1.61745,1.618,1.20,5.90
2010.08.02 09:05:46.179,1.61745,1.61795,1.00,1.00
2010.08.02 09:05:48.198,1.6175,1.61795,1.00,1.00
2010.08.02 09:05:48.578,1.6175,1.618,1.00,1.00
2010.08.02 09:05:48.809,1.61755,1.618,1.00,1.00
2010.08.02 09:05:49.647,1.61755,1.618,1.00,1.20
2010.08.02 09:05:50.448,1.6175,1.6179,1.00,1.00
2010.08.02 09:05:50.748,1.6174,1.6179,1.30,1.00
2010.08.02 09:05:55.322,1.61745,1.6179,1.00,1.00
2010.08.02 09:05:55.389,1.61745,1.618,1.30,1.20
2010.08.02 09:06:01.128,1.61745,1.6179,1.30,1.00
2010.08.02 09:06:04.397,1.61745,1.6179,1.00,1.00
2010.08.02 09:06:15.948,1.61745,1.61795,1.00,2.00
2010.08.02 09:06:16.396,1.6174,1.61785,1.00,1.00
2010.08.02 09:06:16.617,1.6174,1.6179,1.00,2.00
2010.08.02 09:06:16.727,1.6174,1.6179,1.00,1.00
2010.08.02 09:06:16.837,1.6174,1.61795,1.00,3.60
2010.08.02 09:06:16.947,1.6174,1.61795,1.00,2.00
2010.08.02 09:06:18.111,1.6174,1.6179,1.00,1.00
2010.08.02 09:06:18.592,1.6174,1.61795,1.00,3.60
2010.08.02 09:06:18.877,1.6174,1.61795,2.00,1.60
2010.08.02 09:06:19.331,1.61745,1.61795,1.00,1.00
2010.08.02 09:06:19.879,1.61745,1.61795,1.00,1.20
2010.08.02 09:06:20.609,1.61745,1.61795,1.00,1.00
2010.08.02 09:06:21.003,1.61745,1.61795,2.00,1.00
2010.08.02 09:06:21.218,1.61745,1.618,1.30,1.20
2010.08.02 09:06:23.258,1.61745,1.618,1.30,2.00
2010.08.02 09:06:24.399,1.61745,1.618,1.30,1.20
2010.08.02 09:06:26.665,1.61755,1.618,1.00,1.00
2010.08.02 09:06:26.698,1.61745,1.618,2.00,1.20
2010.08.02 09:06:35.430,1.61745,1.618,2.00,2.00
2010.08.02 09:06:35.589,1.61745,1.618,1.30,2.00
2010.08.02 09:06:37.647,1.61745,1.6179,1.30,1.00
2010.08.02 09:06:38.034,1.6174,1.61795,1.30,1.00
2010.08.02 09:06:38.124,1.6174,1.6179,1.30,1.00
2010.08.02 09:06:42.038,1.61745,1.61795,1.00,1.00
2010.08.02 09:06:42.538,1.61745,1.618,1.30,1.20
2010.08.02 09:06:42.818,1.61745,1.618,1.30,1.00
2010.08.02 09:06:42.982,1.6175,1.618,1.00,1.00
2010.08.02 09:06:43.237,1.6175,1.618,1.30,1.00
2010.08.02 09:06:45.137,1.6175,1.61805,1.30,2.80
2010.08.02 09:06:45.358,1.6175,1.61805,1.30,1.20
2010.08.02 09:06:46.638,1.6175,1.61805,1.30,1.00
2010.08.02 09:06:46.717,1.6175,1.61805,2.80,1.00
2010.08.02 09:06:48.238,1.61755,1.61805,1.00,1.20
2010.08.02 09:06:49.298,1.61745,1.6179,1.50,1.00
2010.08.02 09:06:49.804,1.6174,1.61795,1.00,2.00
2010.08.02 09:06:50.018,1.6174,1.61795,1.00,2.00
2010.08.02 09:06:50.237,1.61735,1.6179,1.80,1.60
2010.08.02 09:06:50.679,1.6174,1.6179,1.50,1.60
2010.08.02 09:06:50.898,1.61735,1.6179,1.80,1.60
2010.08.02 09:06:52.148,1.61735,1.6179,2.60,1.60
2010.08.02 09:06:52.248,1.6174,1.6179,1.00,1.00
2010.08.02 09:06:52.348,1.61745,1.61795,1.00,2.00
2010.08.02 09:06:54.617,1.6175,1.61795,1.50,1.00
2010.08.02 09:06:54.707,1.6175,1.618,1.50,2.00
2010.08.02 09:06:57.268,1.61755,1.618,1.00,2.00
2010.08.02 09:06:59.099,1.6175,1.618,1.50,2.00
2010.08.02 09:06:59.310,1.61755,1.618,1.00,2.00
2010.08.02 09:07:05.749,1.61745,1.61795,1.00,1.00
2010.08.02 09:07:06.407,1.61745,1.618,1.00,2.00
2010.08.02 09:07:15.147,1.61745,1.618,1.00,1.60
2010.08.02 09:07:23.888,1.61745,1.61795,1.00,1.00
2010.08.02 09:07:24.969,1.6175,1.618,2.00,1.00
2010.08.02 09:07:25.720,1.61745,1.61795,1.00,1.00
2010.08.02 09:07:26.040,1.61745,1.618,2.80,1.60
2010.08.02 09:07:26.779,1.61745,1.618,1.30,2.30
2010.08.02 09:07:28.139,1.61745,1.6178,1.30,1.00
2010.08.02 09:07:28.399,1.61745,1.6177,1.30,1.00
2010.08.02 09:07:28.889,1.61745,1.618,2.00,1.60
2010.08.02 09:07:29.138,1.61745,1.618,1.00,1.60
2010.08.02 09:07:30.127,1.61745,1.618,1.00,2.40
2010.08.02 09:07:30.468,1.61745,1.618,2.00,1.60
2010.08.02 09:07:31.178,1.6175,1.618,1.00,1.00
2010.08.02 09:07:31.518,1.61745,1.61795,1.00,1.20
2010.08.02 09:07:35.148,1.61745,1.61795,2.00,1.00
2010.08.02 09:07:36.548,1.6175,1.61795,1.00,1.00
2010.08.02 09:07:37.100,1.6175,1.618,1.00,1.00
2010.08.02 09:07:37.209,1.6175,1.61805,1.00,1.60
2010.08.02 09:07:37.928,1.6175,1.618,1.00,1.00
2010.08.02 09:07:38.269,1.6175,1.618,1.00,1.00
2010.08.02 09:07:38.608,1.6175,1.61805,1.00,2.40
2010.08.02 09:07:38.948,1.61745,1.618,1.80,2.00
2010.08.02 09:07:39.197,1.61745,1.618,1.30,2.00
2010.08.02 09:07:41.307,1.6175,1.618,1.00,2.00
2010.08.02 09:07:47.661,1.61745,1.618,1.30,3.60
2010.08.02 09:07:47.799,1.6175,1.61795,1.00,1.60
2010.08.02 09:07:48.118,1.6174,1.61795,2.00,1.60
2010.08.02 09:07:49.219,1.6176,1.61795,1.00,1.60
2010.08.02 09:07:51.758,1.6175,1.618,1.00,2.30
2010.08.02 09:08:01.512,1.6175,1.6179,1.00,1.00
2010.08.02 09:08:01.738,1.61745,1.6178,2.80,1.00
2010.08.02 09:08:01.858,1.61745,1.6178,1.30,1.00
2010.08.02 09:08:01.918,1.6173,1.6178,1.00,1.00
2010.08.02 09:08:02.409,1.61725,1.61775,1.20,1.00
2010.08.02 09:08:03.530,1.61725,1.61775,1.00,1.00
2010.08.02 09:08:03.691,1.6173,1.61775,1.00,1.00
2010.08.02 09:08:13.538,1.61725,1.61775,1.00,1.00
2010.08.02 09:08:18.455,1.61725,1.6177,1.00,1.00
2010.08.02 09:08:19.708,1.6172,1.6177,2.80,1.00
2010.08.02 09:08:19.918,1.6172,1.6177,1.50,1.00
2010.08.02 09:08:20.430,1.61715,1.6177,2.50,1.00
2010.08.02 09:08:20.783,1.6171,1.6177,3.60,2.80
2010.08.02 09:08:21.118,1.6171,1.61765,3.60,1.60
2010.08.02 09:08:24.852,1.6171,1.61765,2.80,1.60
2010.08.02 09:08:24.947,1.6171,1.6176,2.20,1.60
2010.08.02 09:08:28.639,1.6171,1.61755,2.20,1.00
2010.08.02 09:08:28.958,1.6171,1.6175,1.50,1.00
2010.08.02 09:08:29.402,1.61695,1.6175,1.00,1.00
2010.08.02 09:08:29.727,1.61695,1.61745,1.00,1.00
2010.08.02 09:08:30.189,1.6169,1.61745,1.70,1.20
2010.08.02 09:08:30.488,1.61695,1.6175,1.20,1.60
2010.08.02 09:08:30.788,1.61695,1.6175,1.30,1.20
2010.08.02 09:08:35.419,1.61695,1.61745,1.00,1.00
2010.08.02 09:08:36.059,1.61695,1.61745,2.00,1.00
2010.08.02 09:08:36.280,1.61695,1.61745,1.30,1.00
2010.08.02 09:08:36.498,1.61695,1.61745,1.00,1.00
2010.08.02 09:08:38.628,1.6169,1.61745,4.00,1.00
2010.08.02 09:08:40.728,1.61695,1.61745,1.00,1.00
2010.08.02 09:08:40.948,1.6169,1.61745,4.00,1.00
2010.08.02 09:08:41.058,1.61695,1.61745,1.50,1.00
2010.08.02 09:08:41.387,1.61695,1.61745,2.20,1.00
2010.08.02 09:08:41.497,1.61695,1.61745,1.00,1.00
2010.08.02 09:08:46.688,1.6169,1.61745,4.00,1.00
2010.08.02 09:08:47.199,1.61695,1.61745,1.00,1.00
2010.08.02 09:08:48.657,1.61695,1.61745,1.50,1.00
2010.08.02 09:08:48.847,1.61695,1.61745,2.00,1.00
2010.08.02 09:08:49.038,1.617,1.61745,1.50,1.00
2010.08.02 09:08:49.227,1.61705,1.61745,1.00,1.00
2010.08.02 09:08:54.197,1.61705,1.61755,1.00,1.60
2010.08.02 09:08:59.728,1.617,1.61755,2.10,1.60
2010.08.02 09:09:00.153,1.617,1.61755,2.10,1.00
2010.08.02 09:09:00.481,1.61705,1.6176,1.00,1.60
2010.08.02 09:09:02.868,1.61705,1.6176,2.00,1.60
2010.08.02 09:09:04.009,1.61705,1.6176,1.20,1.60
2010.08.02 09:09:08.618,1.61705,1.6176,1.00,2.00
2010.08.02 09:09:09.568,1.617,1.61755,1.30,1.60
2010.08.02 09:09:11.208,1.617,1.61755,2.00,1.60
2010.08.02 09:09:25.298,1.6171,1.6176,1.00,1.60
2010.08.02 09:09:26.580,1.61705,1.6176,1.00,2.00
2010.08.02 09:09:26.779,1.61705,1.6176,1.00,2.80
2010.08.02 09:09:27.338,1.617,1.61755,1.30,1.60
2010.08.02 09:09:27.547,1.617,1.61755,1.30,3.90
2010.08.02 09:09:27.820,1.61695,1.6175,1.30,2.00
2010.08.02 09:09:28.588,1.61695,1.6175,2.00,1.60
2010.08.02 09:09:31.618,1.61695,1.6175,2.80,1.60
2010.08.02 09:09:32.259,1.617,1.61755,1.00,1.60
2010.08.02 09:09:32.318,1.617,1.61755,1.20,1.60
2010.08.02 09:09:34.598,1.617,1.61755,1.00,1.60
2010.08.02 09:09:37.883,1.617,1.6175,1.00,1.00
2010.08.02 09:09:37.967,1.61695,1.6175,1.30,1.20
2010.08.02 09:09:38.047,1.61695,1.6175,1.30,2.00
2010.08.02 09:09:51.498,1.61695,1.61745,1.50,1.60
2010.08.02 09:09:52.081,1.617,1.61745,1.50,1.60
2010.08.02 09:09:52.299,1.617,1.6175,1.50,1.60
2010.08.02 09:09:52.898,1.61705,1.6175,1.50,1.60
2010.08.02 09:09:53.580,1.6171,1.6175,1.50,1.60
2010.08.02 09:09:53.858,1.6171,1.61755,1.50,1.60
2010.08.02 09:09:55.947,1.617,1.61755,2.80,1.60
2010.08.02 09:09:56.416,1.617,1.61755,2.80,2.40
2010.08.02 09:09:56.619,1.617,1.6175,1.30,1.00
2010.08.02 09:09:59.088,1.617,1.61725,1.30,1.00
2010.08.02 09:09:59.859,1.6167,1.61715,1.80,1.00
2010.08.02 09:10:00.539,1.61675,1.61715,1.00,1.00
2010.08.02 09:10:01.228,1.61675,1.61715,1.30,1.00
2010.08.02 09:10:02.619,1.6168,1.61715,1.00,1.00
2010.08.02 09:10:05.355,1.6168,1.61715,1.30,1.00
2010.08.02 09:10:05.539,1.61685,1.61735,1.00,1.00
2010.08.02 09:10:05.737,1.61685,1.6173,1.00,1.00
2010.08.02 09:10:07.391,1.61685,1.6173,1.50,1.00
2010.08.02 09:10:07.509,1.6168,1.6173,1.50,1.00
2010.08.02 09:10:08.025,1.6167,1.6173,2.00,1.00
2010.08.02 09:10:08.369,1.61675,1.6173,1.00,1.00
2010.08.02 09:10:10.724,1.6169,1.6173,1.00,1.00
2010.08.02 09:10:10.958,1.61695,1.6174,1.00,1.60
2010.08.02 09:10:12.477,1.6169,1.6174,1.50,1.60
2010.08.02 09:10:12.608,1.61685,1.6174,1.00,1.60
2010.08.02 09:10:13.074,1.61695,1.6174,1.00,1.60
2010.08.02 09:10:13.453,1.61695,1.6174,1.00,1.00
2010.08.02 09:10:13.557,1.61695,1.61745,1.00,1.60
2010.08.02 09:10:15.240,1.61685,1.6174,1.00,2.00
2010.08.02 09:10:15.578,1.6168,1.6173,1.00,1.00
2010.08.02 09:10:15.774,1.6168,1.6173,1.00,1.00
2010.08.02 09:10:15.877,1.6168,1.6173,1.80,1.00
2010.08.02 09:10:16.610,1.61685,1.61735,1.00,1.00
2010.08.02 09:10:17.738,1.61685,1.61735,1.30,1.00
2010.08.02 09:10:18.688,1.61705,1.61735,1.50,1.00
2010.08.02 09:10:18.908,1.61685,1.61735,1.80,1.00
2010.08.02 09:10:19.621,1.61685,1.61735,1.00,1.00
2010.08.02 09:10:19.858,1.61685,1.6173,1.00,1.00
2010.08.02 09:10:20.260,1.61685,1.6173,1.00,1.20
2010.08.02 09:10:21.068,1.6168,1.6173,1.00,1.20
2010.08.02 09:10:21.802,1.61675,1.6173,1.30,1.20
2010.08.02 09:10:22.658,1.6167,1.61725,2.00,1.60
2010.08.02 09:10:23.120,1.6167,1.61725,2.00,2.00
2010.08.02 09:10:23.260,1.61665,1.61715,1.00,2.00
2010.08.02 09:10:23.400,1.61665,1.61715,1.00,1.60
2010.08.02 09:10:23.806,1.61665,1.61715,1.00,3.20
2010.08.02 09:10:23.942,1.61655,1.6171,1.00,1.60
2010.08.02 09:10:26.148,1.61655,1.6171,1.30,1.00
2010.08.02 09:10:26.398,1.6166,1.61715,1.00,1.60
2010.08.02 09:10:26.901,1.6166,1.61715,1.00,2.40
2010.08.02 09:10:27.149,1.61655,1.6171,1.30,2.00
2010.08.02 09:10:27.388,1.61655,1.6171,1.30,2.80
2010.08.02 09:10:28.928,1.61655,1.6171,1.30,4.40
2010.08.02 09:10:28.978,1.61655,1.61705,1.30,1.00
2010.08.02 09:10:29.033,1.61655,1.61705,1.00,1.20
2010.08.02 09:10:29.078,1.6165,1.61705,1.70,1.20
2010.08.02 09:10:29.178,1.6165,1.61705,1.30,1.20
2010.08.02 09:10:29.278,1.6165,1.61705,2.80,1.20
2010.08.02 09:10:29.698,1.6166,1.61705,1.00,1.00
2010.08.02 09:10:30.820,1.61665,1.61715,1.00,2.00
2010.08.02 09:10:31.754,1.61665,1.61715,1.00,1.60
2010.08.02 09:10:32.158,1.61665,1.61715,1.00,2.00
2010.08.02 09:10:32.217,1.6166,1.61715,1.80,2.00
2010.08.02 09:10:32.277,1.6166,1.61715,1.00,2.00
2010.08.02 09:10:32.534,1.6166,1.61715,1.00,2.00
2010.08.02 09:10:34.358,1.61665,1.61715,1.00,1.60
2010.08.02 09:10:34.488,1.61665,1.61715,1.00,2.40
2010.08.02 09:10:34.618,1.6166,1.61705,2.00,1.00
2010.08.02 09:10:34.748,1.6166,1.61705,1.00,1.00
2010.08.02 09:10:34.878,1.61655,1.61705,1.00,1.00
2010.08.02 09:10:35.749,1.61655,1.6171,1.00,1.00
2010.08.02 09:10:36.467,1.61655,1.6171,1.30,1.00
2010.08.02 09:10:36.628,1.61665,1.6171,1.00,1.00
2010.08.02 09:10:37.063,1.61665,1.61715,1.00,2.40
2010.08.02 09:10:37.221,1.61655,1.61705,1.30,1.00
2010.08.02 09:10:37.477,1.61655,1.61705,1.30,1.00
2010.08.02 09:10:40.128,1.61655,1.6171,1.30,3.20
2010.08.02 09:10:42.115,1.61655,1.6171,1.30,1.60
2010.08.02 09:10:42.159,1.6167,1.61715,1.00,2.00
2010.08.02 09:10:43.934,1.61665,1.61715,1.00,2.00
2010.08.02 09:10:44.608,1.61665,1.61715,1.90,2.00
2010.08.02 09:10:44.798,1.61665,1.61715,1.00,2.00
2010.08.02 09:10:47.073,1.6166,1.61705,1.00,1.00
2010.08.02 09:10:47.287,1.61655,1.61705,1.00,1.00
2010.08.02 09:10:48.074,1.61655,1.61705,1.00,1.20
2010.08.02 09:10:48.249,1.61655,1.617,1.00,1.00
2010.08.02 09:10:48.419,1.6165,1.617,1.00,1.20
2010.08.02 09:10:49.864,1.6165,1.617,1.00,1.00
2010.08.02 09:10:49.979,1.61655,1.61705,1.30,1.00
2010.08.02 09:10:50.098,1.61655,1.61705,1.70,1.00
2010.08.02 09:10:52.210,1.61655,1.61705,1.70,1.20
2010.08.02 09:10:52.459,1.61655,1.617,1.30,1.00
2010.08.02 09:10:52.697,1.6165,1.617,1.30,1.00
2010.08.02 09:10:54.068,1.6165,1.617,1.70,1.00
2010.08.02 09:10:56.187,1.61655,1.617,1.00,1.00
2010.08.02 09:10:57.009,1.6165,1.61695,1.20,1.00
2010.08.02 09:10:57.178,1.6165,1.61695,1.00,1.00
2010.08.02 09:10:57.890,1.61645,1.61695,1.00,1.00
2010.08.02 09:10:58.078,1.6164,1.61695,1.30,1.00
2010.08.02 09:10:58.269,1.61645,1.61695,1.30,1.00
2010.08.02 09:10:59.530,1.61655,1.61695,1.00,1.00
2010.08.02 09:11:01.120,1.6166,1.61705,1.00,1.00
2010.08.02 09:11:01.461,1.6167,1.6171,1.00,1.50
2010.08.02 09:11:01.962,1.61665,1.6171,1.30,1.50
2010.08.02 09:11:03.778,1.61665,1.6171,1.00,1.50
2010.08.02 09:11:03.909,1.61655,1.61705,1.30,1.00
2010.08.02 09:11:04.744,1.61655,1.61705,1.00,1.00
2010.08.02 09:11:04.890,1.6165,1.61705,1.30,1.00
2010.08.02 09:11:05.988,1.61655,1.61705,1.50,1.00
2010.08.02 09:11:06.328,1.6165,1.61705,1.30,1.20
2010.08.02 09:11:06.668,1.6165,1.61705,1.00,2.80
2010.08.02 09:11:07.072,1.6165,1.617,1.00,1.00
2010.08.02 09:11:07.318,1.6165,1.61695,1.00,1.00
2010.08.02 09:11:09.330,1.6165,1.617,1.00,4.30
2010.08.02 09:11:09.559,1.6165,1.61695,1.00,1.00
2010.08.02 09:11:10.891,1.61645,1.61695,1.30,1.00
2010.08.02 09:11:11.229,1.61645,1.6169,1.00,1.00
2010.08.02 09:11:14.038,1.6165,1.6169,1.00,1.00
2010.08.02 09:11:14.187,1.6165,1.6169,1.30,1.00
2010.08.02 09:11:15.448,1.61655,1.6169,1.00,1.00
2010.08.02 09:11:15.618,1.61655,1.6169,1.30,1.00
2010.08.02 09:11:15.988,1.61655,1.617,1.00,1.60
2010.08.02 09:11:16.355,1.61655,1.6171,1.00,1.60
2010.08.02 09:11:16.531,1.61655,1.6171,1.00,2.00
2010.08.02 09:11:17.668,1.61655,1.6171,1.00,3.10
2010.08.02 09:11:18.088,1.61655,1.6171,1.00,1.60
2010.08.02 09:11:18.298,1.61655,1.6171,1.00,2.00
2010.08.02 09:11:20.890,1.61655,1.6171,1.00,3.60
2010.08.02 09:11:21.078,1.61655,1.617,1.00,1.00
2010.08.02 09:11:27.547,1.61655,1.617,1.00,1.00
2010.08.02 09:11:31.428,1.61655,1.617,1.00,1.00
2010.08.02 09:11:37.703,1.61655,1.61705,1.00,1.00
2010.08.02 09:11:39.138,1.61655,1.617,1.00,1.00
2010.08.02 09:11:41.568,1.61655,1.61705,1.00,1.00
2010.08.02 09:11:41.832,1.61655,1.617,1.00,1.00
2010.08.02 09:11:43.259,1.61655,1.61705,1.00,1.00
2010.08.02 09:11:52.199,1.61655,1.617,1.00,1.00
2010.08.02 09:11:57.228,1.61655,1.617,1.00,1.00
2010.08.02 09:11:57.408,1.61655,1.617,1.00,1.00
2010.08.02 09:11:58.308,1.61655,1.617,1.00,1.00
2010.08.02 09:11:58.428,1.61655,1.617,1.00,1.00
2010.08.02 09:12:00.748,1.61655,1.617,1.00,1.00
2010.08.02 09:12:01.478,1.6165,1.617,1.30,1.00
2010.08.02 09:12:02.309,1.6165,1.617,1.30,1.20
2010.08.02 09:12:02.538,1.6165,1.617,1.30,2.70
2010.08.02 09:12:03.540,1.6165,1.617,1.70,1.00
2010.08.02 09:12:03.739,1.6165,1.617,1.70,1.00
2010.08.02 09:12:04.828,1.6165,1.617,1.70,1.00
2010.08.02 09:12:05.639,1.6165,1.617,1.70,1.00
2010.08.02 09:12:05.949,1.61655,1.617,1.00,1.00
2010.08.02 09:12:06.719,1.6165,1.617,1.30,1.00
2010.08.02 09:12:06.878,1.6165,1.617,1.70,1.00
2010.08.02 09:12:07.038,1.61655,1.617,1.00,1.00
2010.08.02 09:12:07.520,1.6165,1.61695,1.00,1.00
2010.08.02 09:12:07.678,1.61645,1.61695,1.00,1.20
2010.08.02 09:12:10.197,1.61645,1.6169,1.00,1.00
2010.08.02 09:12:10.448,1.6164,1.61685,1.00,1.00
2010.08.02 09:12:11.162,1.61635,1.61685,1.00,1.60
2010.08.02 09:12:11.638,1.61635,1.6168,1.00,1.00
2010.08.02 09:12:13.253,1.61635,1.61685,1.00,2.40
2010.08.02 09:12:13.342,1.61635,1.61685,1.00,1.60
2010.08.02 09:12:16.049,1.6163,1.61685,1.30,1.20
2010.08.02 09:12:16.218,1.61635,1.61685,1.60,1.00
2010.08.02 09:12:16.509,1.61645,1.61685,1.00,1.00
2010.08.02 09:12:17.199,1.6164,1.6169,1.00,1.60
2010.08.02 09:12:18.308,1.61635,1.61685,1.00,1.00
2010.08.02 09:12:18.479,1.6163,1.61685,1.00,2.40
2010.08.02 09:12:18.965,1.61625,1.6167,1.50,1.00
2010.08.02 09:12:19.141,1.61615,1.6167,2.80,1.60
2010.08.02 09:12:19.309,1.61615,1.6167,1.30,1.60
2010.08.02 09:12:19.651,1.61615,1.6167,1.00,1.60
2010.08.02 09:12:19.990,1.61635,1.6168,1.00,1.00
2010.08.02 09:12:20.490,1.6164,1.6169,1.00,1.00
2010.08.02 09:12:20.773,1.61655,1.61705,1.00,1.00
2010.08.02 09:12:21.399,1.61665,1.6171,1.00,1.00
2010.08.02 09:12:21.680,1.6169,1.61735,1.00,1.00
2010.08.02 09:12:21.961,1.617,1.6175,1.00,2.40
2010.08.02 09:12:22.460,1.61695,1.6175,1.00,2.40
2010.08.02 09:12:22.799,1.61695,1.6175,1.00,1.60
2010.08.02 09:12:23.118,1.61695,1.6175,1.30,1.00
2010.08.02 09:12:23.969,1.617,1.61755,1.30,3.10
2010.08.02 09:12:24.148,1.617,1.61755,1.30,3.60
2010.08.02 09:12:24.508,1.617,1.61755,1.30,1.00
2010.08.02 09:12:25.388,1.617,1.6175,1.30,1.00
2010.08.02 09:12:26.149,1.617,1.61755,1.30,1.00
2010.08.02 09:12:28.831,1.617,1.61755,1.30,1.60
2010.08.02 09:12:29.093,1.61695,1.6175,1.80,2.00
2010.08.02 09:12:29.350,1.61695,1.6175,1.30,2.00
2010.08.02 09:12:29.658,1.61695,1.6175,1.00,2.80
2010.08.02 09:12:31.341,1.61695,1.61745,1.00,1.00
2010.08.02 09:12:31.748,1.6169,1.61745,1.00,2.40
2010.08.02 09:12:32.105,1.6169,1.61745,1.00,3.90
2010.08.02 09:12:32.349,1.61685,1.6174,1.30,1.20
2010.08.02 09:12:32.588,1.61685,1.6174,1.30,2.80
2010.08.02 09:12:37.218,1.61685,1.61735,1.30,1.00
2010.08.02 09:12:37.508,1.61685,1.6174,1.30,2.80
2010.08.02 09:12:40.228,1.6168,1.6173,1.30,1.00
2010.08.02 09:12:40.529,1.61675,1.6173,1.30,1.20
2010.08.02 09:12:40.829,1.61675,1.6173,1.30,2.80
2010.08.02 09:12:41.240,1.61675,1.6173,1.30,2.00
2010.08.02 09:12:41.420,1.61675,1.6173,1.80,1.00
2010.08.02 09:12:41.588,1.61675,1.61735,1.80,1.60
2010.08.02 09:12:44.649,1.61675,1.6172,1.30,1.00
2010.08.02 09:12:45.148,1.61675,1.6172,1.00,1.00
2010.08.02 09:12:45.648,1.61675,1.6172,1.00,1.20
2010.08.02 09:12:45.989,1.61665,1.61715,1.30,1.00
2010.08.02 09:12:46.328,1.61665,1.61715,1.30,1.60
2010.08.02 09:12:47.679,1.61665,1.61715,1.30,1.00
2010.08.02 09:12:47.950,1.61665,1.61715,1.30,1.60
2010.08.02 09:12:48.939,1.61665,1.61715,1.30,1.00
2010.08.02 09:13:02.691,1.6166,1.6171,1.30,1.20
2010.08.02 09:13:02.971,1.6166,1.6171,1.30,1.00
2010.08.02 09:13:03.869,1.6166,1.61715,1.30,2.80
2010.08.02 09:13:04.109,1.6166,1.6171,1.30,1.00
2010.08.02 09:13:08.418,1.6166,1.6171,1.00,2.40
2010.08.02 09:13:08.559,1.61655,1.61705,1.00,1.00
2010.08.02 09:13:09.079,1.6165,1.617,1.30,1.00
2010.08.02 09:13:13.529,1.6165,1.617,1.30,1.20
2010.08.02 09:13:13.828,1.6165,1.617,1.30,1.00
2010.08.02 09:13:25.059,1.6165,1.617,1.30,1.00
2010.08.02 09:13:33.128,1.6165,1.6171,1.30,2.00
2010.08.02 09:13:33.198,1.61655,1.6171,1.00,2.00
2010.08.02 09:13:33.539,1.6166,1.6171,1.00,1.20
2010.08.02 09:13:34.099,1.6166,1.6171,1.70,1.00
2010.08.02 09:13:38.839,1.61665,1.6171,1.00,1.00
2010.08.02 09:13:40.935,1.61665,1.6171,1.30,1.00
2010.08.02 09:13:47.248,1.61665,1.61705,1.30,1.00
2010.08.02 09:13:57.408,1.61665,1.6171,1.30,1.00
2010.08.02 09:14:02.798,1.6167,1.6171,1.00,1.00
2010.08.02 09:14:03.855,1.61675,1.6171,1.00,1.00
2010.08.02 09:14:04.128,1.6168,1.61715,1.00,1.60
2010.08.02 09:14:05.031,1.6168,1.61725,1.00,1.00
2010.08.02 09:14:05.329,1.6168,1.61735,1.70,1.00
2010.08.02 09:14:08.163,1.6168,1.61735,1.00,1.60
2010.08.02 09:14:08.608,1.6168,1.6173,1.00,1.00
2010.08.02 09:14:12.410,1.6168,1.6173,2.40,1.00
2010.08.02 09:14:12.498,1.61685,1.6173,1.00,1.00
2010.08.02 09:14:17.280,1.61685,1.6173,1.90,1.00
2010.08.02 09:14:17.435,1.6169,1.6173,1.00,1.00
2010.08.02 09:14:23.639,1.61695,1.6173,1.00,1.00
2010.08.02 09:14:23.758,1.6169,1.6173,1.00,1.00
2010.08.02 09:14:24.370,1.61685,1.6173,1.30,1.00
2010.08.02 09:14:24.588,1.61685,1.6173,2.80,1.00
2010.08.02 09:14:24.809,1.6169,1.6173,1.30,1.00
2010.08.02 09:14:25.409,1.6169,1.6173,2.60,1.00
2010.08.02 09:14:25.748,1.61695,1.6175,1.00,2.00
2010.08.02 09:14:26.276,1.61695,1.6175,1.00,1.20
2010.08.02 09:14:26.579,1.617,1.6175,1.00,1.20
2010.08.02 09:14:27.599,1.61695,1.6175,2.00,2.00
2010.08.02 09:14:28.391,1.6169,1.6174,1.00,1.00
2010.08.02 09:14:28.630,1.61685,1.61725,1.30,1.00
2010.08.02 09:14:30.020,1.61685,1.61725,2.80,1.00
2010.08.02 09:14:30.303,1.61685,1.6174,2.80,2.00
2010.08.02 09:14:30.823,1.6169,1.6174,1.00,1.20
2010.08.02 09:14:31.018,1.6169,1.6174,1.30,1.00
2010.08.02 09:14:33.009,1.6169,1.6174,1.30,1.20
2010.08.02 09:14:33.276,1.6169,1.6173,1.30,1.00
2010.08.02 09:14:33.358,1.61675,1.6172,1.00,1.00
2010.08.02 09:14:33.518,1.6167,1.6172,1.30,1.00
2010.08.02 09:14:33.678,1.6168,1.6172,1.50,1.00
2010.08.02 09:14:34.103,1.6168,1.6172,1.50,1.00
2010.08.02 09:14:34.360,1.6168,1.61725,1.50,1.00
2010.08.02 09:14:34.619,1.61685,1.61725,1.00,1.00
2010.08.02 09:14:36.859,1.6168,1.61725,1.50,1.00
2010.08.02 09:14:37.299,1.61685,1.61725,1.00,1.00
2010.08.02 09:14:37.917,1.61685,1.61725,1.00,1.00
2010.08.02 09:14:38.130,1.61685,1.61725,1.70,1.00
2010.08.02 09:14:39.888,1.61685,1.6174,1.70,2.00
2010.08.02 09:14:46.273,1.61685,1.6174,1.00,1.20
2010.08.02 09:14:46.481,1.61685,1.6173,1.00,1.00
2010.08.02 09:14:48.978,1.6168,1.6173,3.30,1.00
2010.08.02 09:14:49.489,1.6168,1.6173,1.80,1.20
2010.08.02 09:14:49.645,1.61675,1.61725,1.30,2.40
2010.08.02 09:14:50.387,1.61675,1.61725,1.00,2.40
2010.08.02 09:14:50.730,1.6167,1.61725,1.30,4.00
2010.08.02 09:14:55.778,1.6167,1.61725,1.30,2.40
2010.08.02 09:14:56.259,1.6167,1.61725,1.30,3.20
2010.08.02 09:14:57.138,1.6167,1.61725,4.00,2.80
2010.08.02 09:14:57.650,1.6167,1.61725,4.40,2.00
2010.08.02 09:14:57.981,1.6167,1.61725,1.30,2.00
2010.08.02 09:15:00.958,1.6167,1.61725,1.30,2.80
2010.08.02 09:15:01.289,1.6167,1.61725,1.30,3.60
2010.08.02 09:15:01.881,1.6167,1.61725,1.30,2.80
2010.08.02 09:15:04.528,1.6167,1.61725,1.30,3.60
2010.08.02 09:15:04.869,1.6167,1.6172,1.30,1.00
2010.08.02 09:15:06.818,1.6167,1.61725,1.30,4.40
2010.08.02 09:15:16.189,1.61675,1.61725,1.00,1.20
2010.08.02 09:15:16.648,1.61675,1.61725,1.00,1.00
2010.08.02 09:15:17.219,1.61675,1.61725,1.00,1.20
2010.08.02 09:15:17.650,1.6167,1.61725,2.80,2.00
2010.08.02 09:15:17.981,1.6168,1.61715,2.70,1.00
2010.08.02 09:15:18.319,1.6168,1.61725,1.00,1.60
2010.08.02 09:15:18.764,1.6168,1.6173,3.60,1.00
2010.08.02 09:15:19.020,1.61685,1.6173,1.00,1.00
2010.08.02 09:15:21.378,1.61685,1.6173,1.20,1.00
2010.08.02 09:15:21.589,1.6169,1.61735,1.00,1.00
2010.08.02 09:15:21.799,1.6169,1.6174,1.00,1.00
2010.08.02 09:15:25.895,1.6169,1.61745,1.20,2.00
2010.08.02 09:15:26.028,1.6169,1.61745,2.00,1.20
2010.08.02 09:15:26.741,1.61685,1.6174,2.80,1.00
2010.08.02 09:15:32.241,1.61685,1.6174,3.60,1.00
2010.08.02 09:15:32.599,1.6169,1.6174,1.00,1.00
2010.08.02 09:15:35.899,1.61695,1.6174,1.00,1.00
2010.08.02 09:15:36.048,1.6169,1.6174,1.00,1.20
2010.08.02 09:15:36.349,1.6169,1.6174,1.20,1.20
2010.08.02 09:15:36.499,1.61695,1.6174,1.00,1.00
2010.08.02 09:15:37.496,1.617,1.6174,1.00,1.00
2010.08.02 09:15:37.539,1.617,1.61745,1.00,1.20
2010.08.02 09:15:38.688,1.617,1.61745,1.00,1.00
2010.08.02 09:15:47.686,1.617,1.6175,1.00,1.20
2010.08.02 09:15:50.382,1.617,1.6175,1.20,1.00
2010.08.02 09:15:50.548,1.617,1.6175,2.00,1.00
2010.08.02 09:15:59.109,1.61695,1.6175,1.70,1.60
2010.08.02 09:15:59.308,1.61695,1.6175,1.70,4.00
2010.08.02 09:15:59.509,1.617,1.6175,1.50,4.00
2010.08.02 09:15:59.897,1.6171,1.6175,1.00,3.60
2010.08.02 09:16:00.170,1.6171,1.6175,1.00,2.80
2010.08.02 09:16:00.440,1.617,1.6175,1.50,2.80
2010.08.02 09:16:00.711,1.6171,1.6175,1.00,2.80
2010.08.02 09:16:00.985,1.6171,1.6175,1.00,2.00
2010.08.02 09:16:01.650,1.61695,1.61745,1.70,1.00
2010.08.02 09:16:02.209,1.61695,1.61745,1.30,2.00
2010.08.02 09:16:02.595,1.61695,1.61745,1.30,2.80
2010.08.02 09:16:02.930,1.6169,1.61745,1.30,1.20
2010.08.02 09:16:03.269,1.6169,1.61745,1.30,2.80
2010.08.02 09:16:13.203,1.61695,1.6173,1.50,1.00
2010.08.02 09:16:13.745,1.6169,1.6174,1.00,1.60
2010.08.02 09:16:14.080,1.61705,1.61745,1.00,1.00
2010.08.02 09:16:15.809,1.617,1.61745,1.00,1.00
2010.08.02 09:16:16.151,1.61695,1.61745,2.40,1.00
2010.08.02 09:16:16.580,1.61695,1.61745,2.00,1.00
2010.08.02 09:16:16.879,1.61695,1.61745,1.00,1.00
2010.08.02 09:16:18.072,1.61695,1.61745,1.00,1.00
2010.08.02 09:16:18.751,1.617,1.61745,1.00,1.00
2010.08.02 09:16:21.964,1.6169,1.61745,1.70,2.40
2010.08.02 09:16:22.290,1.61695,1.61745,1.00,2.40
2010.08.02 09:16:23.130,1.61695,1.61745,1.00,1.00
2010.08.02 09:16:24.139,1.61695,1.61745,1.00,1.00
2010.08.02 09:16:27.624,1.61695,1.6174,1.00,1.00
2010.08.02 09:16:30.418,1.61695,1.6174,2.00,1.00
2010.08.02 09:16:30.629,1.617,1.6174,1.00,1.00
2010.08.02 09:16:35.020,1.61715,1.6174,1.00,1.00
2010.08.02 09:16:35.240,1.61725,1.6175,1.00,1.60
2010.08.02 09:16:35.460,1.61715,1.6175,1.60,1.00
2010.08.02 09:16:35.679,1.617,1.6175,1.70,1.00
2010.08.02 09:16:38.588,1.61715,1.6175,1.00,1.00
2010.08.02 09:16:38.780,1.61725,1.61755,1.00,1.60
2010.08.02 09:16:38.969,1.61725,1.6177,1.00,1.20
2010.08.02 09:16:39.160,1.6172,1.61765,1.00,1.00
2010.08.02 09:16:39.654,1.6172,1.6177,1.00,1.00
2010.08.02 09:16:39.899,1.6171,1.61745,1.30,1.00
2010.08.02 09:16:40.158,1.61715,1.6175,1.50,1.60
2010.08.02 09:16:40.592,1.61715,1.61755,1.50,1.00
2010.08.02 09:16:40.930,1.6172,1.6177,1.00,2.40
2010.08.02 09:16:41.269,1.61735,1.6177,1.00,2.40
2010.08.02 09:16:41.613,1.6174,1.61785,1.00,2.40
2010.08.02 09:16:42.020,1.6174,1.6178,1.00,1.00
2010.08.02 09:16:42.333,1.61725,1.6176,1.00,1.00
2010.08.02 09:16:42.854,1.6172,1.6176,1.30,1.00
2010.08.02 09:16:43.321,1.6172,1.61765,1.30,1.60
2010.08.02 09:16:43.609,1.6172,1.6177,1.00,2.40
2010.08.02 09:16:43.900,1.61735,1.6177,1.00,1.00
2010.08.02 09:16:44.610,1.61725,1.61775,2.70,1.20
2010.08.02 09:16:44.919,1.61735,1.61775,1.00,1.20
2010.08.02 09:16:46.639,1.61735,1.61775,1.50,1.20
2010.08.02 09:16:46.951,1.6174,1.61775,1.00,1.00
2010.08.02 09:16:47.259,1.61715,1.6176,1.20,1.00
2010.08.02 09:16:47.681,1.61715,1.6176,1.00,1.00
2010.08.02 09:16:47.870,1.61725,1.61765,1.20,2.40
2010.08.02 09:16:48.059,1.61725,1.6177,1.20,1.20
2010.08.02 09:16:48.250,1.61735,1.6177,1.00,1.00
2010.08.02 09:16:48.439,1.6174,1.6177,1.00,1.00
2010.08.02 09:16:49.100,1.61735,1.6177,1.00,1.00
2010.08.02 09:16:50.410,1.61735,1.6177,1.20,1.00
2010.08.02 09:16:50.749,1.6174,1.61785,1.00,1.20
2010.08.02 09:16:51.089,1.61735,1.61785,1.00,2.00
2010.08.02 09:16:52.040,1.61715,1.61755,1.00,1.90
2010.08.02 09:16:52.379,1.6171,1.61745,1.30,1.00
2010.08.02 09:16:52.589,1.6171,1.6175,2.60,2.40
2010.08.02 09:16:53.046,1.6171,1.61755,2.10,1.00
2010.08.02 09:16:53.250,1.61715,1.61755,1.80,1.00
2010.08.02 09:16:55.979,1.61715,1.6176,1.30,1.00
2010.08.02 09:17:00.380,1.61715,1.6176,2.10,1.00
2010.08.02 09:17:00.769,1.6172,1.6176,1.00,1.00
2010.08.02 09:17:05.549,1.61715,1.6176,1.80,1.00
2010.08.02 09:17:05.889,1.61715,1.61765,1.80,2.00
2010.08.02 09:17:06.608,1.61715,1.61765,1.80,1.00
2010.08.02 09:17:08.738,1.61715,1.61765,2.60,1.00
2010.08.02 09:17:08.808,1.6172,1.61765,1.00,1.00
2010.08.02 09:17:10.628,1.61715,1.61765,1.30,1.00
2010.08.02 09:17:11.401,1.61715,1.6176,1.30,1.00
2010.08.02 09:17:11.538,1.6171,1.6176,1.30,1.00
2010.08.02 09:17:12.019,1.61705,1.6176,1.30,2.00
2010.08.02 09:17:12.720,1.617,1.6175,1.30,1.00
2010.08.02 09:17:13.479,1.617,1.61755,2.10,1.60
2010.08.02 09:17:13.629,1.61705,1.6176,2.70,2.00
2010.08.02 09:17:14.085,1.61705,1.6176,2.70,1.20
2010.08.02 09:17:14.370,1.6171,1.6176,1.30,1.00
2010.08.02 09:17:14.939,1.61715,1.61765,1.00,2.40
2010.08.02 09:17:15.188,1.61715,1.6177,1.00,1.60
2010.08.02 09:17:15.438,1.61715,1.6177,1.90,1.60
2010.08.02 09:17:16.929,1.61715,1.6177,1.30,1.80
2010.08.02 09:17:17.198,1.61715,1.6177,1.30,3.30
2010.08.02 09:17:17.300,1.6171,1.61765,2.70,1.00
2010.08.02 09:17:17.399,1.6171,1.61765,4.20,1.00
2010.08.02 09:17:17.499,1.61715,1.6177,1.00,1.60
2010.08.02 09:17:19.639,1.6171,1.6176,1.90,1.00
2010.08.02 09:17:20.788,1.6171,1.6176,1.30,1.00
2010.08.02 09:17:21.119,1.6171,1.61755,1.30,1.00
2010.08.02 09:17:21.449,1.6171,1.6175,1.00,1.00
2010.08.02 09:17:22.998,1.6171,1.61755,1.00,1.00
2010.08.02 09:17:23.290,1.6171,1.61755,1.00,1.00
2010.08.02 09:17:23.509,1.6171,1.61755,1.00,1.00
2010.08.02 09:17:23.619,1.6171,1.6175,1.00,1.00
2010.08.02 09:17:27.415,1.6171,1.6175,1.10,1.00
2010.08.02 09:17:27.868,1.6171,1.6175,1.00,1.00
2010.08.02 09:17:28.649,1.6171,1.6176,1.20,1.00
2010.08.02 09:17:29.166,1.6171,1.61765,1.20,2.00
2010.08.02 09:17:29.389,1.6171,1.61765,2.00,2.00
2010.08.02 09:17:30.969,1.61715,1.61765,1.00,1.60
2010.08.02 09:17:31.309,1.61715,1.6177,2.00,2.40
2010.08.02 09:17:37.780,1.61715,1.6177,2.00,2.00
2010.08.02 09:17:38.190,1.6172,1.6177,2.00,1.00
2010.08.02 09:17:38.781,1.6172,1.6177,1.00,2.80
2010.08.02 09:17:39.122,1.61705,1.6176,2.90,1.00
2010.08.02 09:17:39.670,1.61705,1.6176,1.00,1.00
2010.08.02 09:17:40.010,1.61705,1.61755,1.00,1.00
2010.08.02 09:17:40.350,1.617,1.61755,1.00,1.00
2010.08.02 09:17:41.410,1.61705,1.6176,1.30,1.60
2010.08.02 09:17:43.259,1.61715,1.6176,1.00,1.60
2010.08.02 09:17:44.600,1.6171,1.6176,1.00,1.60
2010.08.02 09:17:45.127,1.61705,1.6176,1.30,1.60
2010.08.02 09:17:45.459,1.617,1.61755,1.30,1.00
2010.08.02 09:17:46.204,1.617,1.61735,1.30,1.00
2010.08.02 09:17:46.528,1.6168,1.6174,1.00,2.30
2010.08.02 09:17:46.872,1.6169,1.61745,1.00,1.60
2010.08.02 09:17:47.592,1.61695,1.61745,1.00,1.00
2010.08.02 09:17:48.749,1.61695,1.61745,1.30,1.00
2010.08.02 09:17:48.879,1.617,1.61745,1.00,1.00
2010.08.02 09:17:49.710,1.6171,1.6175,1.00,1.00
2010.08.02 09:17:50.179,1.6171,1.61755,1.00,1.60
2010.08.02 09:17:51.089,1.6171,1.6176,1.00,1.60
2010.08.02 09:17:55.319,1.61705,1.6176,1.00,2.30
2010.08.02 09:17:55.629,1.61705,1.61755,1.00,1.60
2010.08.02 09:17:58.550,1.6171,1.61755,1.00,1.60
2010.08.02 09:18:01.542,1.6171,1.61755,1.00,1.00
2010.08.02 09:18:01.779,1.6172,1.6176,1.00,1.60
2010.08.02 09:18:02.010,1.61725,1.61765,1.00,1.00
2010.08.02 09:18:02.240,1.6171,1.6177,2.80,1.00
2010.08.02 09:18:02.816,1.61715,1.6177,1.30,1.00
2010.08.02 09:18:07.245,1.61735,1.6178,1.00,1.00
2010.08.02 09:18:08.029,1.61735,1.6178,1.00,1.00
2010.08.02 09:18:08.862,1.61735,1.61775,1.00,1.00
2010.08.02 09:18:09.128,1.6173,1.61765,1.30,1.00
2010.08.02 09:18:09.638,1.61725,1.61765,1.00,1.00
2010.08.02 09:18:09.729,1.6172,1.61765,1.30,1.00
2010.08.02 09:18:09.818,1.6172,1.6177,2.00,3.10
2010.08.02 09:18:10.148,1.61725,1.61775,1.00,1.00
2010.08.02 09:18:10.478,1.61725,1.6178,1.30,1.20
2010.08.02 09:18:12.988,1.6172,1.61775,1.30,1.00
2010.08.02 09:18:25.196,1.6172,1.61775,2.10,1.00
2010.08.02 09:18:25.511,1.61725,1.6178,1.30,1.20
2010.08.02 09:18:31.719,1.61725,1.6178,2.10,1.20
2010.08.02 09:18:31.978,1.61725,1.6178,2.80,1.00
2010.08.02 09:18:32.079,1.6173,1.61785,1.30,1.00
2010.08.02 09:18:32.991,1.6173,1.6178,1.30,1.00
2010.08.02 09:18:33.669,1.6173,1.61785,1.30,2.30
2010.08.02 09:18:34.278,1.61725,1.6178,1.30,1.20
2010.08.02 09:18:34.758,1.61725,1.61775,1.30,1.50
2010.08.02 09:18:36.460,1.61725,1.61775,1.30,2.30
2010.08.02 09:18:36.628,1.61725,1.61775,1.00,2.30
2010.08.02 09:18:39.003,1.61725,1.6177,1.00,1.50
2010.08.02 09:18:39.149,1.61725,1.61775,1.00,2.30
2010.08.02 09:18:43.459,1.6172,1.6177,1.30,1.00
2010.08.02 09:18:43.899,1.6172,1.6177,1.00,1.00
2010.08.02 09:18:44.278,1.6172,1.61775,1.00,3.10
2010.08.02 09:18:44.860,1.6172,1.6177,1.00,1.00
2010.08.02 09:18:45.970,1.61725,1.6177,1.00,1.00
2010.08.02 09:18:46.488,1.6172,1.6177,2.00,1.00
2010.08.02 09:18:46.591,1.61715,1.6177,1.70,1.00
2010.08.02 09:18:46.699,1.61715,1.6177,1.30,1.20
2010.08.02 09:18:48.279,1.61715,1.6177,1.30,1.00
2010.08.02 09:18:50.948,1.61715,1.6177,2.10,1.00
2010.08.02 09:18:51.598,1.61715,1.61775,1.30,2.30
2010.08.02 09:18:52.419,1.61715,1.6177,1.30,1.20
2010.08.02 09:18:52.598,1.61725,1.6177,1.00,1.20
2010.08.02 09:18:52.780,1.61725,1.6177,3.80,1.00
2010.08.02 09:18:52.959,1.61725,1.6178,2.10,1.60
2010.08.02 09:18:53.649,1.61725,1.6177,1.00,1.00
2010.08.02 09:18:54.068,1.6172,1.6177,1.00,1.00
2010.08.02 09:18:54.412,1.6172,1.6177,1.00,1.00
2010.08.02 09:18:56.176,1.6172,1.6177,2.00,1.00
2010.08.02 09:18:56.449,1.61725,1.61775,1.00,1.00
2010.08.02 09:19:10.820,1.6172,1.61765,1.00,1.00
2010.08.02 09:19:11.160,1.61715,1.6176,1.00,1.00
2010.08.02 09:19:12.989,1.61715,1.6176,1.00,1.50
2010.08.02 09:19:16.658,1.61715,1.61755,1.00,1.50
2010.08.02 09:19:16.778,1.6171,1.61765,1.00,3.10
2010.08.02 09:19:17.018,1.6171,1.6176,1.00,1.00
2010.08.02 09:19:19.742,1.6171,1.61765,1.00,3.10
2010.08.02 09:19:20.238,1.6171,1.6176,1.00,1.50
2010.08.02 09:19:20.562,1.61705,1.6176,1.30,2.10
2010.08.02 09:19:20.889,1.61705,1.6176,1.00,2.90
2010.08.02 09:19:21.208,1.617,1.6176,1.30,2.90
2010.08.02 09:19:21.584,1.617,1.61755,1.30,1.00
2010.08.02 09:19:21.921,1.61695,1.61755,2.80,3.60
2010.08.02 09:19:22.259,1.61695,1.6175,1.30,1.00
2010.08.02 09:19:22.429,1.61695,1.61755,1.30,1.60
2010.08.02 09:19:30.620,1.61695,1.61755,1.30,2.40
2010.08.02 09:19:30.819,1.61695,1.6175,1.30,1.00
2010.08.02 09:19:31.218,1.61695,1.61755,1.70,2.10
2010.08.02 09:19:41.261,1.61695,1.6175,1.00,1.60
2010.08.02 09:20:00.850,1.61695,1.6175,1.70,1.60
2010.08.02 09:20:10.479,1.617,1.6175,1.00,1.60
2010.08.02 09:20:17.099,1.617,1.6175,1.30,1.60
2010.08.02 09:20:17.228,1.61705,1.6175,1.00,1.60
2010.08.02 09:20:17.790,1.61705,1.6175,1.60,1.20
2010.08.02 09:20:17.918,1.61705,1.61745,1.50,1.00
2010.08.02 09:20:18.681,1.617,1.61745,1.00,1.00
2010.08.02 09:20:24.859,1.617,1.6174,1.00,1.00
2010.08.02 09:20:25.349,1.61695,1.6173,1.00,1.00
2010.08.02 09:20:25.550,1.6169,1.6173,1.00,1.00
2010.08.02 09:20:28.358,1.6169,1.61735,1.00,1.00
2010.08.02 09:20:37.488,1.6169,1.6174,1.00,1.50
2010.08.02 09:20:38.808,1.6169,1.61735,1.00,1.00
2010.08.02 09:20:40.660,1.61695,1.6175,1.00,2.30
2010.08.02 09:20:41.002,1.617,1.6175,1.00,2.30
2010.08.02 09:20:41.339,1.61705,1.61755,1.30,1.50
2010.08.02 09:20:41.784,1.61705,1.61755,2.00,1.50
2010.08.02 09:20:42.122,1.6171,1.61765,1.00,3.10
2010.08.02 09:20:42.458,1.61715,1.61765,1.00,1.50
2010.08.02 09:20:42.798,1.6171,1.61765,1.00,3.10
2010.08.02 09:20:45.163,1.6171,1.6176,1.20,1.00
2010.08.02 09:20:54.279,1.61715,1.6176,1.00,1.00
2010.08.02 09:20:54.673,1.6172,1.6176,1.00,1.00
2010.08.02 09:20:55.011,1.6173,1.6178,1.00,2.10
2010.08.02 09:20:58.979,1.6173,1.6177,1.00,1.00
2010.08.02 09:20:59.339,1.6172,1.61755,1.30,1.00
2010.08.02 09:21:00.410,1.6172,1.61775,1.70,2.00
2010.08.02 09:21:06.549,1.6172,1.61775,1.70,3.50
2010.08.02 09:21:06.739,1.6172,1.6177,1.70,1.00
2010.08.02 09:21:06.929,1.6172,1.61775,1.70,3.50
2010.08.02 09:21:07.119,1.61725,1.61775,1.00,1.00
2010.08.02 09:21:07.660,1.61725,1.6177,1.00,1.00
2010.08.02 09:21:07.999,1.61725,1.61775,1.00,1.00
2010.08.02 09:21:08.679,1.61725,1.61775,1.00,1.20
2010.08.02 09:21:08.888,1.6172,1.61775,1.00,2.00
2010.08.02 09:21:11.072,1.6172,1.61775,1.70,1.20
2010.08.02 09:21:11.268,1.61725,1.61775,1.00,1.20
2010.08.02 09:21:14.081,1.61725,1.6177,1.00,1.00
2010.08.02 09:21:14.228,1.61725,1.6177,1.00,2.40
2010.08.02 09:21:14.369,1.61725,1.61755,1.00,1.00
2010.08.02 09:21:14.559,1.6172,1.6177,1.00,1.60
2010.08.02 09:21:15.179,1.61725,1.61775,1.30,1.00
2010.08.02 09:21:15.368,1.6172,1.61775,1.00,2.00
2010.08.02 09:21:18.049,1.6172,1.61775,1.00,2.00
2010.08.02 09:21:18.409,1.6172,1.61775,1.00,2.80
2010.08.02 09:21:18.589,1.6172,1.6176,1.00,1.00
2010.08.02 09:21:18.819,1.61715,1.61755,1.00,1.50
2010.08.02 09:21:19.451,1.61695,1.6175,1.70,1.20
2010.08.02 09:21:19.670,1.61695,1.6175,1.00,1.20
2010.08.02 09:21:19.879,1.61695,1.61745,1.00,1.00
2010.08.02 09:21:20.088,1.61695,1.61745,1.00,1.00
2010.08.02 09:21:21.340,1.61695,1.6174,1.00,1.00
2010.08.02 09:21:22.308,1.61695,1.61745,1.00,1.60
2010.08.02 09:21:27.764,1.6169,1.61745,1.00,1.60
2010.08.02 09:21:36.535,1.6169,1.61745,3.60,1.60
2010.08.02 09:21:36.745,1.617,1.61745,1.00,1.00
2010.08.02 09:21:36.951,1.617,1.61745,1.00,1.00
2010.08.02 09:21:37.492,1.617,1.6175,1.00,1.00
2010.08.02 09:21:37.701,1.617,1.6175,1.20,1.00
2010.08.02 09:21:38.042,1.61695,1.6175,1.70,1.00
2010.08.02 09:21:38.428,1.61695,1.6175,2.50,1.00
2010.08.02 09:21:38.793,1.61695,1.6175,1.00,2.30
2010.08.02 09:21:40.518,1.61695,1.6175,1.20,1.00
2010.08.02 09:21:46.918,1.61695,1.6175,1.00,1.00
2010.08.02 09:21:55.149,1.61695,1.6175,1.30,1.00
2010.08.02 09:21:55.249,1.61695,1.6175,2.10,1.00
2010.08.02 09:21:55.755,1.61695,1.6175,3.70,1.00
2010.08.02 09:21:56.070,1.617,1.61755,2.00,1.20
2010.08.02 09:21:56.379,1.617,1.6174,2.00,1.00
2010.08.02 09:21:56.689,1.6169,1.6173,1.30,1.00
2010.08.02 09:22:01.368,1.61685,1.6173,1.30,1.00
2010.08.02 09:22:03.244,1.61685,1.6173,1.00,1.00
2010.08.02 09:22:03.578,1.6168,1.6173,2.40,1.00
2010.08.02 09:22:08.077,1.6168,1.61735,2.40,1.00
2010.08.02 09:22:08.355,1.61685,1.61735,1.30,1.50
2010.08.02 09:22:08.631,1.61695,1.6174,1.00,1.00
2010.08.02 09:22:09.900,1.61695,1.6174,1.00,1.00
2010.08.02 09:22:10.189,1.6169,1.6174,1.00,2.80
2010.08.02 09:22:10.556,1.6169,1.61735,1.00,1.50
2010.08.02 09:22:10.849,1.6169,1.61745,1.30,1.00
2010.08.02 09:22:11.189,1.6169,1.6174,1.30,1.00
2010.08.02 09:22:12.012,1.6169,1.61745,1.30,2.30
2010.08.02 09:22:12.351,1.6169,1.6175,1.30,3.60
2010.08.02 09:22:13.301,1.6169,1.6173,1.30,1.00
2010.08.02 09:22:13.989,1.6169,1.6173,1.00,1.00
2010.08.02 09:22:16.579,1.6169,1.61735,1.00,1.00
2010.08.02 09:22:19.119,1.6168,1.61735,1.30,2.10
2010.08.02 09:22:19.622,1.6168,1.61735,1.30,1.30
2010.08.02 09:22:19.749,1.61685,1.61735,1.00,1.00
2010.08.02 09:22:20.139,1.6169,1.6174,1.30,1.00
2010.08.02 09:22:20.659,1.6169,1.6174,1.30,1.00
2010.08.02 09:22:21.448,1.61685,1.6174,1.30,2.00
2010.08.02 09:22:21.679,1.61685,1.6174,1.30,1.60
2010.08.02 09:22:21.909,1.61685,1.61735,1.00,1.00
2010.08.02 09:22:22.138,1.6168,1.61735,2.00,1.60
2010.08.02 09:22:23.410,1.61675,1.6173,2.00,1.00
2010.08.02 09:22:25.450,1.61685,1.6173,1.00,1.00
2010.08.02 09:22:25.709,1.61685,1.61735,1.00,1.60
2010.08.02 09:22:28.069,1.6168,1.6173,1.00,1.30
2010.08.02 09:22:28.499,1.61675,1.6173,1.70,1.30
2010.08.02 09:22:29.309,1.61675,1.6173,1.00,1.60
2010.08.02 09:22:29.489,1.61675,1.61725,1.00,1.00
2010.08.02 09:22:37.501,1.6167,1.6172,1.00,1.00
2010.08.02 09:22:37.966,1.6167,1.61725,1.00,2.10
2010.08.02 09:22:40.480,1.6167,1.6172,1.00,1.00
2010.08.02 09:22:42.041,1.6167,1.61725,1.00,2.10
2010.08.02 09:22:49.538,1.61675,1.61725,1.00,2.10
2010.08.02 09:22:49.718,1.61675,1.61725,1.00,1.30
2010.08.02 09:22:53.162,1.61675,1.61725,1.00,1.00
2010.08.02 09:22:53.849,1.61675,1.6173,1.30,1.00
2010.08.02 09:22:55.519,1.61675,1.6173,1.00,1.60
2010.08.02 09:22:56.059,1.61675,1.61725,1.00,1.00
2010.08.02 09:23:05.761,1.61675,1.6173,1.20,3.10
2010.08.02 09:23:05.960,1.6168,1.61735,1.00,3.10
2010.08.02 09:23:06.686,1.6168,1.6173,1.00,1.00
2010.08.02 09:23:35.229,1.6168,1.61725,1.00,1.50
2010.08.02 09:23:35.280,1.6168,1.6172,1.00,1.00
2010.08.02 09:23:35.840,1.61675,1.61725,1.00,2.00
2010.08.02 09:23:36.160,1.61675,1.61725,1.00,1.00
2010.08.02 09:23:39.379,1.61675,1.6172,1.00,1.00
2010.08.02 09:23:39.799,1.61675,1.61725,1.00,1.00
2010.08.02 09:23:39.939,1.61675,1.61725,1.00,1.70
2010.08.02 09:23:40.418,1.61675,1.6172,1.00,1.00
2010.08.02 09:23:43.749,1.61675,1.6173,1.00,2.00
2010.08.02 09:23:44.386,1.61675,1.6172,1.00,1.00
2010.08.02 09:23:45.621,1.61675,1.61715,1.00,1.00
2010.08.02 09:23:46.188,1.6167,1.6172,1.00,1.00
2010.08.02 09:23:48.269,1.6167,1.6172,1.00,1.30
2010.08.02 09:23:48.609,1.61665,1.6172,1.00,1.30
2010.08.02 09:23:49.549,1.6167,1.6172,1.00,1.30
2010.08.02 09:24:00.049,1.61665,1.6171,1.30,1.00
2010.08.02 09:24:00.148,1.61665,1.6171,1.00,1.00
2010.08.02 09:24:07.725,1.61665,1.61705,1.00,1.00
2010.08.02 09:24:08.648,1.61665,1.6171,1.00,2.00
2010.08.02 09:24:08.808,1.61665,1.6171,1.00,1.00
2010.08.02 09:24:22.909,1.61665,1.6172,1.10,1.20
2010.08.02 09:24:23.189,1.6167,1.6172,1.00,1.20
2010.08.02 09:24:24.241,1.6167,1.6172,1.00,1.00
2010.08.02 09:24:24.389,1.61675,1.61725,1.00,1.00
2010.08.02 09:24:24.689,1.6168,1.61725,1.00,1.00
2010.08.02 09:24:25.149,1.61685,1.6173,1.00,1.60
2010.08.02 09:24:25.421,1.61665,1.6172,2.50,2.00
2010.08.02 09:24:25.700,1.61665,1.6172,1.70,1.60
2010.08.02 09:24:25.970,1.61665,1.6172,1.30,2.10
2010.08.02 09:24:35.510,1.6166,1.61715,1.70,2.00
2010.08.02 09:24:35.670,1.6166,1.61715,1.30,2.00
2010.08.02 09:24:54.308,1.6166,1.61715,1.30,1.60
2010.08.02 09:24:54.409,1.6166,1.61705,1.30,1.00
2010.08.02 09:24:54.609,1.6166,1.61705,1.30,1.20
2010.08.02 09:24:54.709,1.6166,1.61705,1.30,1.00
2010.08.02 09:24:54.809,1.61655,1.617,1.30,1.00
2010.08.02 09:24:55.278,1.61655,1.61705,1.30,1.00
2010.08.02 09:24:56.029,1.61655,1.617,1.30,1.00
2010.08.02 09:25:00.669,1.61655,1.61705,1.30,2.00
2010.08.02 09:25:01.506,1.6165,1.617,1.30,1.50
2010.08.02 09:25:01.841,1.61645,1.6169,1.70,1.00
2010.08.02 09:25:04.700,1.61655,1.61705,1.00,2.40
2010.08.02 09:25:05.059,1.61655,1.61705,1.30,1.60
2010.08.02 09:25:05.178,1.61655,1.61705,1.90,1.00
2010.08.02 09:25:05.299,1.6166,1.6171,1.00,1.20
2010.08.02 09:25:07.309,1.6166,1.6171,1.70,1.00
2010.08.02 09:25:07.429,1.6166,1.61715,1.30,2.00
2010.08.02 09:25:08.180,1.6166,1.61715,1.30,1.60
2010.08.02 09:25:08.799,1.6166,1.6171,1.30,1.20
2010.08.02 09:25:08.919,1.6166,1.6171,1.30,2.80
2010.08.02 09:25:08.969,1.6166,1.6171,1.00,4.00
2010.08.02 09:25:09.019,1.61655,1.6171,1.00,4.80
2010.08.02 09:25:09.199,1.61655,1.617,1.00,1.00
2010.08.02 09:25:10.328,1.61655,1.61705,1.00,1.00
2010.08.02 09:25:10.559,1.61655,1.617,1.00,1.00
2010.08.02 09:25:10.789,1.6166,1.617,1.00,1.00
2010.08.02 09:25:11.030,1.6167,1.6172,1.00,1.60
2010.08.02 09:25:11.574,1.6167,1.61725,1.00,2.00
2010.08.02 09:25:11.809,1.6167,1.6172,1.00,1.60
2010.08.02 09:25:12.379,1.61665,1.6172,1.00,2.80
2010.08.02 09:25:12.720,1.6166,1.61715,1.00,1.60
2010.08.02 09:25:13.055,1.61665,1.61715,1.50,1.60
2010.08.02 09:25:13.702,1.61655,1.6171,1.30,1.60
2010.08.02 09:25:13.981,1.61655,1.6171,1.30,2.00
2010.08.02 09:25:14.652,1.61655,1.6171,1.30,1.60
2010.08.02 09:25:14.910,1.61655,1.6171,1.30,2.00
2010.08.02 09:25:18.700,1.61655,1.617,1.30,1.00
2010.08.02 09:25:19.909,1.6166,1.617,1.00,1.00
2010.08.02 09:25:19.989,1.6166,1.617,2.40,1.00
2010.08.02 09:25:20.389,1.6167,1.61725,1.00,2.00
2010.08.02 09:25:20.625,1.6167,1.61725,1.20,2.00
2010.08.02 09:25:20.744,1.6167,1.61725,1.70,2.00
2010.08.02 09:25:20.829,1.6167,1.61725,1.70,2.80
2010.08.02 09:25:21.171,1.61665,1.6171,1.00,1.00
2010.08.02 09:25:21.756,1.6166,1.6171,1.00,1.20
2010.08.02 09:25:22.101,1.61655,1.6171,1.70,1.20
2010.08.02 09:25:22.399,1.61655,1.6171,1.70,3.60
2010.08.02 09:25:22.702,1.6165,1.61705,4.00,1.00
2010.08.02 09:25:23.001,1.6166,1.6171,1.00,2.00
2010.08.02 09:25:23.679,1.6166,1.6171,1.70,1.00
2010.08.02 09:25:24.333,1.61665,1.6171,1.00,1.00
2010.08.02 09:25:24.458,1.61665,1.6171,2.40,1.00
2010.08.02 09:25:24.589,1.61665,1.6172,4.40,1.60
2010.08.02 09:25:24.952,1.61675,1.6172,1.00,1.00
2010.08.02 09:25:25.079,1.61675,1.61735,1.10,3.80
2010.08.02 09:25:25.420,1.61685,1.6174,2.00,1.90
2010.08.02 09:25:26.058,1.61695,1.61745,1.00,1.00
2010.08.02 09:25:26.740,1.61705,1.61745,1.00,1.00
2010.08.02 09:25:27.079,1.61705,1.61755,1.00,1.00
2010.08.02 09:25:31.478,1.61705,1.6176,1.30,1.50
2010.08.02 09:25:35.119,1.61705,1.6175,1.30,1.00
2010.08.02 09:25:38.244,1.61705,1.6175,1.00,1.00
2010.08.02 09:25:38.321,1.61705,1.61745,1.00,1.00
2010.08.02 09:25:41.770,1.61705,1.6175,1.00,1.00
2010.08.02 09:25:45.959,1.61705,1.61755,1.00,1.20
2010.08.02 09:25:46.219,1.61705,1.61755,1.00,1.00
2010.08.02 09:25:49.789,1.61705,1.61755,1.00,1.00
2010.08.02 09:25:49.899,1.61705,1.6175,1.00,1.00
2010.08.02 09:25:58.413,1.617,1.6175,1.30,1.00
2010.08.02 09:25:58.879,1.617,1.6175,1.00,1.00
2010.08.02 09:26:01.780,1.61705,1.61755,1.20,1.20
2010.08.02 09:26:01.929,1.61705,1.61755,1.00,1.00
2010.08.02 09:26:02.079,1.61705,1.61755,1.30,1.00
2010.08.02 09:26:02.229,1.6171,1.6176,1.00,1.20
2010.08.02 09:26:04.660,1.6171,1.6176,1.00,1.00
2010.08.02 09:26:04.799,1.6171,1.6176,1.30,1.00
2010.08.02 09:26:22.534,1.6171,1.6176,2.10,1.00
2010.08.02 09:26:22.711,1.61715,1.6176,1.60,1.00
2010.08.02 09:26:22.892,1.61725,1.6177,1.30,1.00
2010.08.02 09:26:23.070,1.61735,1.6178,1.00,1.00
2010.08.02 09:26:24.100,1.6174,1.6179,1.00,1.00
2010.08.02 09:26:25.028,1.6174,1.6179,1.30,1.00
2010.08.02 09:26:25.251,1.6174,1.61795,1.70,1.20
2010.08.02 09:26:25.470,1.6174,1.61795,1.70,1.00
2010.08.02 09:26:25.949,1.6174,1.61795,1.70,1.20
2010.08.02 09:26:26.869,1.6174,1.61795,1.70,1.00
2010.08.02 09:26:27.669,1.61745,1.61795,1.60,1.00
2010.08.02 09:26:27.869,1.61745,1.618,3.60,1.00
2010.08.02 09:26:28.409,1.61745,1.618,2.80,1.00
2010.08.02 09:26:28.679,1.61745,1.618,1.30,1.00
2010.08.02 09:26:31.181,1.61755,1.618,1.00,1.00
2010.08.02 09:26:31.361,1.61755,1.618,1.00,1.00
2010.08.02 09:26:31.541,1.61755,1.61805,1.00,2.40
2010.08.02 09:26:32.079,1.61755,1.6181,1.00,1.60
2010.08.02 09:26:32.419,1.61755,1.6181,1.80,1.60
2010.08.02 09:26:33.960,1.6176,1.6181,1.00,1.60
2010.08.02 09:26:37.090,1.61755,1.6181,2.00,2.00
2010.08.02 09:26:38.299,1.61755,1.6181,1.70,2.00
2010.08.02 09:26:38.819,1.61755,1.6181,1.00,2.00
2010.08.02 09:26:40.139,1.61755,1.6181,1.00,2.00
2010.08.02 09:26:40.358,1.61755,1.6181,1.50,2.00
2010.08.02 09:26:40.579,1.61755,1.61805,3.00,1.00
2010.08.02 09:26:41.004,1.6176,1.61805,1.00,1.00
2010.08.02 09:26:41.321,1.6176,1.6181,1.00,1.60
2010.08.02 09:26:50.590,1.61755,1.61805,1.00,1.60
2010.08.02 09:26:53.532,1.61755,1.61805,1.00,1.00
2010.08.02 09:26:53.690,1.6176,1.6181,1.00,1.60
2010.08.02 09:26:59.089,1.61755,1.6181,1.00,1.60
2010.08.02 09:27:00.970,1.61765,1.6181,1.00,1.00
2010.08.02 09:27:11.260,1.6176,1.6181,2.00,1.00
2010.08.02 09:27:12.985,1.6176,1.6181,1.50,1.00
2010.08.02 09:27:13.432,1.6176,1.6181,1.00,1.00
2010.08.02 09:27:17.013,1.61755,1.6181,1.00,2.40
2010.08.02 09:27:19.914,1.6175,1.61805,3.60,1.00
2010.08.02 09:27:20.098,1.6175,1.61805,2.00,1.00
2010.08.02 09:27:20.159,1.61755,1.6181,1.00,2.40
2010.08.02 09:27:21.629,1.61755,1.618,1.00,1.00
2010.08.02 09:27:22.238,1.6175,1.618,2.80,1.00
2010.08.02 09:27:22.459,1.6175,1.618,1.20,1.00
2010.08.02 09:27:28.839,1.6175,1.6179,1.00,1.60
2010.08.02 09:27:29.119,1.6175,1.618,1.00,2.30
2010.08.02 09:27:31.559,1.61755,1.618,1.00,1.00
2010.08.02 09:27:31.699,1.61755,1.61815,1.30,1.60
2010.08.02 09:27:32.200,1.6177,1.61825,1.20,3.90
2010.08.02 09:27:32.339,1.6177,1.61825,2.00,1.00
2010.08.02 09:27:32.479,1.6177,1.6183,2.50,1.00
2010.08.02 09:27:32.979,1.6178,1.6183,1.00,1.00
2010.08.02 09:27:34.640,1.6178,1.61825,1.00,1.50
2010.08.02 09:27:34.870,1.61775,1.6182,1.30,1.00
2010.08.02 09:27:35.254,1.61775,1.61825,1.30,1.90
2010.08.02 09:27:35.709,1.61775,1.61825,1.30,1.50
2010.08.02 09:27:36.629,1.61775,1.61825,2.10,1.50
2010.08.02 09:27:37.281,1.6178,1.61835,1.00,3.10
2010.08.02 09:27:38.810,1.6178,1.61825,1.00,1.50
2010.08.02 09:27:40.129,1.6178,1.61835,1.00,1.60
2010.08.02 09:27:40.533,1.6178,1.61835,1.00,3.10
2010.08.02 09:27:41.711,1.6178,1.61835,1.00,2.30
2010.08.02 09:27:42.850,1.6178,1.61835,2.00,1.60
2010.08.02 09:27:43.189,1.61785,1.61835,1.00,1.00
2010.08.02 09:27:44.547,1.61785,1.6184,2.00,1.00
2010.08.02 09:27:44.841,1.61785,1.6184,1.00,1.00
2010.08.02 09:27:46.061,1.61785,1.61835,1.00,1.50
2010.08.02 09:27:46.339,1.61785,1.61835,1.00,1.00
2010.08.02 09:27:46.619,1.6178,1.61835,1.30,1.50
2010.08.02 09:27:47.740,1.6178,1.61835,2.00,1.00
2010.08.02 09:27:49.859,1.6178,1.6183,1.30,1.00
2010.08.02 09:27:50.490,1.6178,1.6183,1.00,1.00
2010.08.02 09:27:54.510,1.61775,1.6183,5.20,1.00
2010.08.02 09:27:54.639,1.61775,1.6183,2.00,1.00
2010.08.02 09:28:02.909,1.61775,1.61825,1.00,1.50
2010.08.02 09:28:03.120,1.61775,1.6182,1.00,1.60
2010.08.02 09:28:03.663,1.6177,1.6182,1.00,2.30
2010.08.02 09:28:09.879,1.61775,1.61825,1.00,2.00
2010.08.02 09:28:09.989,1.61775,1.61825,1.00,1.20
2010.08.02 09:28:10.430,1.61775,1.61825,1.00,1.00
2010.08.02 09:28:10.540,1.61775,1.61825,1.20,1.00
2010.08.02 09:28:12.639,1.61775,1.6183,3.60,1.20
2010.08.02 09:28:13.141,1.6178,1.6183,1.00,1.20
2010.08.02 09:28:14.456,1.6178,1.6183,1.00,1.00
2010.08.02 09:28:15.630,1.6178,1.6183,1.50,1.00
2010.08.02 09:28:16.312,1.6178,1.6183,1.00,1.00
2010.08.02 09:28:20.640,1.6178,1.6183,2.20,1.00
2010.08.02 09:28:20.799,1.6178,1.6183,1.00,1.00
2010.08.02 09:28:21.077,1.61775,1.6183,2.80,1.00
2010.08.02 09:28:21.389,1.6178,1.6183,1.50,1.00
2010.08.02 09:28:21.798,1.6178,1.6183,2.20,1.00
2010.08.02 09:28:22.110,1.6178,1.6183,1.00,1.00
2010.08.02 09:28:23.580,1.61775,1.6183,1.20,1.20
2010.08.02 09:28:25.147,1.61775,1.6183,1.20,1.60
2010.08.02 09:28:25.450,1.6177,1.61825,1.00,2.30
2010.08.02 09:28:25.949,1.61765,1.61825,1.20,2.30
2010.08.02 09:28:27.949,1.61765,1.61825,1.00,2.30
2010.08.02 09:28:28.250,1.6177,1.61815,1.50,1.00
2010.08.02 09:28:28.550,1.61765,1.61805,1.00,1.00
2010.08.02 09:28:28.904,1.61765,1.6181,1.00,1.20
2010.08.02 09:28:29.240,1.61755,1.6181,1.30,1.60
2010.08.02 09:28:29.688,1.61755,1.61805,1.00,1.00
2010.08.02 09:28:30.043,1.6175,1.61805,1.00,1.60
2010.08.02 09:28:31.760,1.61775,1.6182,1.60,2.00
2010.08.02 09:28:32.100,1.6176,1.6182,2.80,1.60
2010.08.02 09:28:33.311,1.6177,1.61825,2.80,1.60
2010.08.02 09:28:33.940,1.61775,1.61825,1.30,1.00
2010.08.02 09:28:34.560,1.6177,1.61825,1.30,2.30
2010.08.02 09:28:36.461,1.6177,1.6182,1.30,3.20
2010.08.02 09:28:36.854,1.6177,1.6182,1.30,4.80
2010.08.02 09:28:37.170,1.61775,1.61825,1.00,2.30
2010.08.02 09:28:37.490,1.6177,1.61825,1.30,1.60
2010.08.02 09:28:37.830,1.61775,1.6183,1.00,1.60
2010.08.02 09:28:38.251,1.61775,1.61825,1.00,1.00
2010.08.02 09:28:38.593,1.6177,1.61825,1.30,2.30
2010.08.02 09:28:43.189,1.6177,1.61825,1.30,1.60
2010.08.02 09:28:47.510,1.61775,1.61825,1.00,1.60
2010.08.02 09:28:47.870,1.61775,1.6183,3.20,1.60
2010.08.02 09:28:48.050,1.61775,1.6183,3.60,1.60
2010.08.02 09:28:48.431,1.61775,1.61825,3.60,1.00
2010.08.02 09:28:48.769,1.6177,1.61825,1.00,1.60
2010.08.02 09:28:49.109,1.6177,1.61825,3.20,1.60
2010.08.02 09:28:49.958,1.6177,1.61825,1.00,1.60
2010.08.02 09:28:50.243,1.6177,1.6182,1.00,1.60
2010.08.02 09:28:50.850,1.6177,1.6182,1.00,1.50
2010.08.02 09:28:51.120,1.6179,1.61835,1.00,2.40
2010.08.02 09:28:51.459,1.6179,1.61835,1.00,1.00
2010.08.02 09:28:55.181,1.61795,1.6184,1.00,1.00
2010.08.02 09:28:55.830,1.6179,1.6184,1.00,1.00
2010.08.02 09:28:56.669,1.6179,1.61845,2.00,1.60
2010.08.02 09:28:57.400,1.61805,1.61845,1.00,1.00
2010.08.02 09:29:00.845,1.61805,1.6185,1.00,1.00
2010.08.02 09:29:01.011,1.61795,1.6185,4.40,1.00
2010.08.02 09:29:01.179,1.618,1.6185,1.00,1.00
2010.08.02 09:29:01.349,1.618,1.61855,2.00,1.20
2010.08.02 09:29:02.391,1.618,1.61855,1.30,1.20
2010.08.02 09:29:06.799,1.61795,1.6185,2.00,1.00
2010.08.02 09:29:06.979,1.61795,1.61845,2.00,1.00
2010.08.02 09:29:07.159,1.61795,1.61845,1.00,1.00
2010.08.02 09:29:07.339,1.61795,1.61845,1.00,1.50
2010.08.02 09:29:08.136,1.61795,1.61845,1.00,1.00
2010.08.02 09:29:08.411,1.6179,1.6184,1.30,1.00
2010.08.02 09:29:13.000,1.61795,1.61845,1.00,1.50
2010.08.02 09:29:13.149,1.618,1.6185,1.00,1.00
2010.08.02 09:29:13.450,1.618,1.61855,1.20,1.60
2010.08.02 09:29:13.599,1.61805,1.6186,1.00,2.30
2010.08.02 09:29:14.141,1.61805,1.6186,1.20,1.60
2010.08.02 09:29:14.819,1.61805,1.6186,1.00,2.30
2010.08.02 09:29:22.180,1.61805,1.6186,1.00,3.10
2010.08.02 09:29:22.470,1.618,1.6185,1.00,1.00
2010.08.02 09:29:22.760,1.6179,1.61845,1.30,1.00
2010.08.02 09:29:25.720,1.6179,1.61825,1.00,1.00
2010.08.02 09:29:26.386,1.6179,1.61835,1.20,3.10
2010.08.02 09:29:26.641,1.61785,1.6184,2.00,1.60
2010.08.02 09:29:27.389,1.61785,1.6184,1.00,1.60
2010.08.02 09:29:27.640,1.61785,1.6183,1.00,1.60
2010.08.02 09:29:28.115,1.6178,1.6183,1.00,2.40
2010.08.02 09:29:28.442,1.61765,1.61815,1.00,1.50
2010.08.02 09:29:28.700,1.6176,1.6181,1.00,1.00
2010.08.02 09:29:29.829,1.6176,1.6181,1.00,1.60
2010.08.02 09:29:32.290,1.61755,1.61805,1.30,1.00
2010.08.02 09:29:35.989,1.61755,1.6181,2.00,3.50
2010.08.02 09:29:36.189,1.61755,1.61805,1.30,1.00
2010.08.02 09:29:39.874,1.61755,1.61795,1.30,1.00
2010.08.02 09:29:40.210,1.6175,1.61795,1.30,1.00
2010.08.02 09:29:45.031,1.6175,1.61795,1.00,1.00
2010.08.02 09:29:45.370,1.61745,1.61795,2.00,1.00
2010.08.02 09:29:46.270,1.61745,1.6179,1.30,1.00
2010.08.02 09:29:46.790,1.61745,1.61795,1.30,2.00
2010.08.02 09:29:47.050,1.61745,1.61795,1.30,1.00
2010.08.02 09:29:50.499,1.6175,1.61795,1.30,1.00
2010.08.02 09:29:51.327,1.6175,1.618,1.30,1.00
2010.08.02 09:29:51.450,1.6175,1.61795,1.30,1.50
2010.08.02 09:29:52.129,1.6175,1.6179,1.30,1.00
2010.08.02 09:29:55.590,1.6175,1.618,1.30,2.00
2010.08.02 09:29:55.669,1.6175,1.61795,1.30,1.00
2010.08.02 09:29:56.679,1.6175,1.61795,2.10,1.00
2010.08.02 09:29:57.019,1.61755,1.61805,1.00,1.00
2010.08.02 09:29:57.359,1.6175,1.61805,2.00,1.20
2010.08.02 09:29:59.051,1.6175,1.61805,2.80,1.20
2010.08.02 09:29:59.229,1.61755,1.61805,1.00,1.00
2010.08.02 09:29:59.729,1.61755,1.6181,2.00,1.00
2010.08.02 09:30:02.959,1.61755,1.6181,2.80,1.00
2010.08.02 09:30:03.200,1.6176,1.6181,1.00,1.00
2010.08.02 09:30:03.439,1.61755,1.6181,2.00,1.00
2010.08.02 09:30:04.911,1.61755,1.6181,2.80,1.00
2010.08.02 09:30:05.080,1.6176,1.6181,1.60,1.00
2010.08.02 09:30:05.565,1.6176,1.61815,3.60,1.00
2010.08.02 09:30:05.731,1.61765,1.6182,2.00,1.60
2010.08.02 09:30:06.950,1.6177,1.61825,1.30,1.20
2010.08.02 09:30:07.630,1.6177,1.61825,1.30,1.90
2010.08.02 09:30:08.179,1.61765,1.6182,1.30,1.00
2010.08.02 09:30:09.559,1.6177,1.6182,2.40,1.00
2010.08.02 09:30:09.810,1.6177,1.6182,3.90,1.90
2010.08.02 09:30:10.061,1.61765,1.6181,1.00,1.00
2010.08.02 09:30:10.580,1.61765,1.61815,1.00,1.60
2010.08.02 09:30:11.910,1.61765,1.6182,1.00,1.60
2010.08.02 09:30:12.922,1.61765,1.61815,1.20,2.00
2010.08.02 09:30:13.261,1.61765,1.61815,1.20,3.60
2010.08.02 09:30:13.680,1.61765,1.61815,1.20,4.40
2010.08.02 09:30:14.021,1.61755,1.618,1.00,1.00
2010.08.02 09:30:14.357,1.61755,1.61805,1.00,1.00
2010.08.02 09:30:15.042,1.61745,1.61795,1.00,1.00
2010.08.02 09:30:15.590,1.61745,1.61795,1.00,1.60
2010.08.02 09:30:15.859,1.61745,1.6179,1.00,1.00
2010.08.02 09:30:16.540,1.61745,1.6179,1.00,1.60
2010.08.02 09:30:16.860,1.6174,1.61785,1.00,3.20
2010.08.02 09:30:17.180,1.6173,1.6178,1.00,1.60
2010.08.02 09:30:17.500,1.61725,1.6178,1.10,2.30
2010.08.02 09:30:18.059,1.61725,1.6178,1.00,1.60
2010.08.02 09:30:18.701,1.6174,1.6178,1.00,1.60
2010.08.02 09:30:18.830,1.6175,1.6178,1.00,1.00
2010.08.02 09:30:18.960,1.6175,1.6179,1.00,1.60
2010.08.02 09:30:19.090,1.6175,1.6178,1.00,1.00
2010.08.02 09:30:19.349,1.61735,1.6178,1.00,1.00
2010.08.02 09:30:19.769,1.6174,1.6178,1.00,1.00
2010.08.02 09:30:19.890,1.61735,1.61785,1.00,3.10
2010.08.02 09:30:20.219,1.6173,1.6178,1.00,1.00
2010.08.02 09:30:21.120,1.61725,1.6178,2.00,1.50
2010.08.02 09:30:21.399,1.61725,1.61775,1.00,1.60
2010.08.02 09:30:21.960,1.61735,1.6178,1.00,2.00
2010.08.02 09:30:22.683,1.61735,1.61785,1.70,1.00
2010.08.02 09:30:22.961,1.6174,1.61795,1.80,3.60
2010.08.02 09:30:23.240,1.6174,1.6179,1.00,1.00
2010.08.02 09:30:23.840,1.6174,1.6179,1.00,1.20
2010.08.02 09:30:24.510,1.61735,1.6178,1.00,1.60
2010.08.02 09:30:24.852,1.61735,1.6178,1.00,2.00
2010.08.02 09:30:25.463,1.61745,1.6178,1.00,1.00
2010.08.02 09:30:25.771,1.61725,1.61785,1.00,2.80
2010.08.02 09:30:25.970,1.6172,1.61775,1.80,1.00
2010.08.02 09:30:26.379,1.6172,1.61775,1.30,1.20
2010.08.02 09:30:26.595,1.61715,1.6177,1.00,1.60
2010.08.02 09:30:26.790,1.61715,1.61765,1.00,1.00
2010.08.02 09:30:27.130,1.6171,1.61765,1.00,2.40
2010.08.02 09:30:28.080,1.6171,1.61765,1.00,1.60
2010.08.02 09:30:30.859,1.6171,1.61765,2.50,1.60
2010.08.02 09:30:31.351,1.61715,1.6177,2.00,1.60
2010.08.02 09:30:33.991,1.61715,1.6177,1.00,1.60
2010.08.02 09:30:34.152,1.6173,1.61785,3.60,1.60
2010.08.02 09:30:34.320,1.61745,1.6179,1.00,1.60
2010.08.02 09:30:35.151,1.61745,1.6179,1.20,1.60
2010.08.02 09:30:35.489,1.61745,1.6179,1.00,1.60
2010.08.02 09:30:36.141,1.61725,1.61775,1.60,1.60
2010.08.02 09:30:36.380,1.61715,1.61775,2.80,1.00
2010.08.02 09:30:36.619,1.61715,1.61775,2.00,1.00
2010.08.02 09:30:36.860,1.61715,1.61775,1.30,1.60
2010.08.02 09:30:37.350,1.6171,1.6177,1.30,2.30
2010.08.02 09:30:37.681,1.61715,1.6177,1.30,1.60
2010.08.02 09:30:37.871,1.6172,1.61775,1.00,1.60
2010.08.02 09:30:38.060,1.61725,1.61785,1.30,2.40
2010.08.02 09:30:38.487,1.6173,1.61785,1.50,2.40
2010.08.02 09:30:39.072,1.61735,1.61785,1.00,1.00
2010.08.02 09:30:46.861,1.61735,1.6179,1.30,1.00
2010.08.02 09:30:48.589,1.61735,1.6179,2.10,1.00
2010.08.02 09:30:48.931,1.6174,1.61795,1.30,1.60
2010.08.02 09:30:49.581,1.61755,1.618,1.50,1.60
2010.08.02 09:30:49.839,1.61755,1.618,1.00,1.60
2010.08.02 09:30:50.280,1.6176,1.618,1.00,1.60
2010.08.02 09:30:50.871,1.6177,1.6181,1.00,1.00
2010.08.02 09:30:51.090,1.61775,1.61815,1.00,1.00
2010.08.02 09:30:51.430,1.61775,1.6182,1.00,1.60
2010.08.02 09:30:51.949,1.61775,1.6182,1.00,1.00
2010.08.02 09:30:55.312,1.6178,1.6182,1.00,1.00
2010.08.02 09:30:55.541,1.6179,1.6182,1.00,1.00
2010.08.02 09:30:56.039,1.6179,1.6183,1.00,1.00
2010.08.02 09:30:56.259,1.6179,1.61835,1.00,1.60
2010.08.02 09:30:56.369,1.61795,1.61835,1.00,1.60
2010.08.02 09:30:57.500,1.61795,1.6184,1.00,2.00
2010.08.02 09:30:58.860,1.61795,1.6184,1.00,1.00
2010.08.02 09:31:05.057,1.61795,1.61845,1.00,1.60
2010.08.02 09:31:05.170,1.61795,1.61845,2.20,1.60
2010.08.02 09:31:06.395,1.61795,1.61845,1.50,1.60
2010.08.02 09:31:06.642,1.61785,1.6184,1.00,1.60
2010.08.02 09:31:07.961,1.61785,1.6184,1.30,1.60
2010.08.02 09:31:08.089,1.6179,1.6184,1.00,1.60
2010.08.02 09:31:09.709,1.61785,1.6184,2.80,1.60
2010.08.02 09:31:11.979,1.6179,1.6184,1.00,1.60
2010.08.02 09:31:20.741,1.61785,1.6184,1.00,1.60
2010.08.02 09:31:22.479,1.61785,1.61835,1.00,1.00
2010.08.02 09:31:22.639,1.61785,1.6183,1.00,1.50
2010.08.02 09:31:23.143,1.61775,1.6183,1.00,2.30
2010.08.02 09:31:23.323,1.61765,1.61815,1.00,2.00
2010.08.02 09:31:23.840,1.61765,1.61815,1.00,2.80
2010.08.02 09:31:27.259,1.61765,1.61815,1.00,1.20
2010.08.02 09:31:29.699,1.61755,1.6181,2.00,1.00
2010.08.02 09:31:37.630,1.61755,1.6181,1.30,1.00
2010.08.02 09:31:38.110,1.6176,1.61815,1.30,1.20
2010.08.02 09:31:44.629,1.6176,1.61815,1.30,2.80
2010.08.02 09:31:45.849,1.6176,1.61815,1.30,1.20
2010.08.02 09:31:46.761,1.6176,1.61815,1.30,2.80
2010.08.02 09:31:47.100,1.6176,1.61815,1.30,1.20
2010.08.02 09:31:55.180,1.61755,1.6181,2.00,1.00
2010.08.02 09:31:56.143,1.61755,1.6181,1.30,1.00
2010.08.02 09:31:56.380,1.61755,1.6181,2.00,1.00
2010.08.02 09:31:58.938,1.61755,1.61805,1.20,1.00
2010.08.02 09:31:59.270,1.61755,1.61805,1.00,1.60
2010.08.02 09:32:02.295,1.6175,1.61805,1.30,1.60
2010.08.02 09:32:02.586,1.61745,1.618,1.70,1.60
2010.08.02 09:32:04.670,1.6175,1.61805,2.80,1.00
2010.08.02 09:32:10.449,1.61755,1.61805,2.40,1.00
2010.08.02 09:32:10.540,1.61755,1.61805,3.10,1.00
2010.08.02 09:32:10.629,1.61755,1.61805,2.30,1.00
2010.08.02 09:32:11.005,1.61755,1.61805,1.00,1.00
2010.08.02 09:32:11.091,1.6175,1.61805,2.80,1.00
2010.08.02 09:32:15.476,1.61755,1.6181,1.30,1.00
2010.08.02 09:32:15.751,1.61765,1.61825,1.70,1.60
2010.08.02 09:32:16.030,1.6177,1.61825,1.30,5.50
2010.08.02 09:32:16.350,1.6176,1.61805,1.00,1.50
2010.08.02 09:32:16.748,1.61755,1.61805,2.00,1.50
2010.08.02 09:32:17.071,1.6175,1.61805,1.30,3.80
2010.08.02 09:32:17.289,1.6175,1.61805,1.30,3.00
2010.08.02 09:32:17.730,1.6175,1.61805,1.30,3.80
2010.08.02 09:32:18.489,1.6175,1.61805,1.30,2.30
2010.08.02 09:32:19.180,1.6175,1.61805,1.30,3.10
2010.08.02 09:32:19.499,1.61745,1.618,1.30,1.00
2010.08.02 09:32:21.019,1.6175,1.61805,1.30,1.50
2010.08.02 09:32:21.161,1.6176,1.61815,1.30,2.00
2010.08.02 09:32:21.310,1.6176,1.61815,1.30,1.00
2010.08.02 09:32:21.519,1.61765,1.6182,1.00,3.10
2010.08.02 09:32:21.730,1.6177,1.6182,1.00,1.60
2010.08.02 09:32:22.282,1.6177,1.6182,1.00,1.00
2010.08.02 09:32:22.582,1.61765,1.6182,1.30,1.60
2010.08.02 09:32:25.141,1.6177,1.61825,1.30,1.00
2010.08.02 09:32:25.430,1.6177,1.6183,1.30,2.00
2010.08.02 09:32:26.411,1.6177,1.6182,1.30,1.50
2010.08.02 09:32:26.750,1.61765,1.61815,2.10,2.20
2010.08.02 09:32:27.090,1.6177,1.61825,1.00,1.60
2010.08.02 09:32:27.484,1.6177,1.61825,1.50,1.60
2010.08.02 09:32:27.822,1.6178,1.6183,1.00,1.00
2010.08.02 09:32:30.110,1.61775,1.6183,1.00,3.10
2010.08.02 09:32:30.592,1.61775,1.6182,1.00,1.00
2010.08.02 09:32:30.702,1.6177,1.6182,1.00,1.20
2010.08.02 09:32:31.510,1.61765,1.6182,1.00,2.80
2010.08.02 09:32:31.976,1.6176,1.61815,1.30,2.30
2010.08.02 09:32:32.315,1.6176,1.61805,1.00,1.00
2010.08.02 09:32:32.650,1.6176,1.61815,1.00,5.40
2010.08.02 09:32:32.940,1.6176,1.61815,1.00,2.40
2010.08.02 09:32:33.230,1.6176,1.61815,1.00,2.80
2010.08.02 09:32:33.623,1.6176,1.61815,1.00,4.40
2010.08.02 09:32:33.920,1.61755,1.6181,1.00,1.60
2010.08.02 09:32:34.190,1.6176,1.61815,1.00,3.60
2010.08.02 09:32:35.802,1.61765,1.61815,1.00,1.20
2010.08.02 09:32:36.848,1.61765,1.61815,1.00,2.80
2010.08.02 09:32:43.262,1.61765,1.61815,1.00,3.60
2010.08.02 09:32:43.521,1.6176,1.61805,1.30,1.00
2010.08.02 09:32:43.781,1.6176,1.61805,1.00,1.00
2010.08.02 09:32:44.040,1.6176,1.61815,1.00,3.60
2010.08.02 09:32:50.380,1.6176,1.61815,1.00,4.40
2010.08.02 09:32:50.930,1.61755,1.61805,1.00,1.00
2010.08.02 09:32:56.706,1.61755,1.6181,1.00,3.60
2010.08.02 09:32:56.899,1.61755,1.6181,1.00,2.00
2010.08.02 09:32:57.709,1.61755,1.61805,1.00,1.00
2010.08.02 09:33:01.851,1.6175,1.618,1.00,1.00
2010.08.02 09:33:02.149,1.6175,1.618,1.00,1.60
2010.08.02 09:33:02.581,1.6175,1.61795,1.00,1.50
2010.08.02 09:33:02.881,1.6174,1.6179,1.30,1.00
2010.08.02 09:33:03.220,1.6174,1.61795,1.30,1.20
2010.08.02 09:33:04.919,1.6174,1.6179,1.00,1.00
2010.08.02 09:33:05.100,1.61735,1.6179,1.30,1.00
2010.08.02 09:33:07.689,1.61735,1.6179,2.10,1.00
2010.08.02 09:33:07.830,1.6174,1.61795,1.30,1.20
2010.08.02 09:33:08.730,1.6174,1.6179,1.30,1.00
2010.08.02 09:33:10.332,1.6174,1.61785,1.30,1.00
2010.08.02 09:33:10.671,1.6174,1.6178,1.00,1.00
2010.08.02 09:33:11.009,1.6173,1.6178,1.00,1.00
2010.08.02 09:33:11.616,1.61725,1.6178,2.00,1.00
2010.08.02 09:33:11.810,1.61735,1.61785,1.00,2.80
2010.08.02 09:33:14.563,1.61735,1.61785,4.80,1.00
2010.08.02 09:33:14.682,1.61735,1.61785,4.00,1.50
2010.08.02 09:33:14.801,1.61735,1.61785,2.40,1.50
2010.08.02 09:33:14.920,1.61735,1.61785,2.40,1.00
2010.08.02 09:33:15.367,1.6174,1.6179,1.00,1.60
2010.08.02 09:33:15.609,1.6174,1.6179,1.00,1.00
2010.08.02 09:33:16.372,1.6174,1.61795,2.00,1.00
2010.08.02 09:33:19.125,1.6174,1.61795,3.60,1.00
2010.08.02 09:33:19.450,1.6175,1.618,1.00,1.00
2010.08.02 09:33:25.745,1.61745,1.618,1.30,3.00
2010.08.02 09:33:25.951,1.6174,1.61795,1.70,1.00
2010.08.02 09:33:30.680,1.6175,1.61795,1.00,1.00
2010.08.02 09:33:33.091,1.6175,1.618,1.00,1.00
2010.08.02 09:33:33.421,1.61765,1.6181,1.00,1.60
2010.08.02 09:33:34.151,1.6177,1.61825,4.40,2.40
2010.08.02 09:33:34.481,1.6177,1.6182,1.00,1.00
2010.08.02 09:33:34.820,1.61765,1.6182,1.30,1.00
2010.08.02 09:33:36.833,1.61765,1.61815,1.00,1.00
2010.08.02 09:33:37.112,1.61765,1.6182,1.30,1.00
2010.08.02 09:33:38.040,1.6177,1.6182,1.00,1.00
2010.08.02 09:33:40.191,1.6177,1.61825,2.00,1.00
2010.08.02 09:33:42.982,1.6177,1.61825,2.00,1.60
2010.08.02 09:33:43.290,1.6177,1.6182,1.30,1.00
2010.08.02 09:33:44.741,1.6177,1.61815,1.30,1.00
2010.08.02 09:33:45.228,1.6177,1.61815,1.30,2.00
2010.08.02 09:33:45.501,1.61765,1.61815,1.30,2.00
2010.08.02 09:33:46.040,1.6177,1.6182,1.00,1.00
2010.08.02 09:33:49.740,1.61765,1.6182,2.80,1.00
2010.08.02 09:33:50.729,1.6177,1.6182,1.00,1.00
2010.08.02 09:34:01.661,1.61765,1.6182,1.80,1.00
2010.08.02 09:34:01.939,1.61765,1.6182,1.00,1.60
2010.08.02 09:34:04.979,1.61765,1.6182,1.80,1.60
2010.08.02 09:34:05.110,1.61775,1.6182,1.00,1.60
2010.08.02 09:34:05.240,1.61775,1.6182,1.00,1.00
2010.08.02 09:34:06.800,1.6177,1.6182,1.00,1.00
2010.08.02 09:34:06.949,1.61775,1.6182,1.00,1.00
2010.08.02 09:34:07.399,1.6177,1.6182,1.00,1.00
2010.08.02 09:34:09.060,1.6177,1.6182,1.00,1.00
2010.08.02 09:34:09.219,1.6177,1.6182,1.00,1.20
2010.08.02 09:34:09.570,1.6177,1.61815,1.00,2.20
2010.08.02 09:34:09.921,1.6176,1.61815,1.30,3.00
2010.08.02 09:34:10.264,1.61755,1.618,1.00,1.50
2010.08.02 09:34:10.602,1.61755,1.61805,1.20,1.00
2010.08.02 09:34:10.941,1.61755,1.61805,1.00,1.00
2010.08.02 09:34:11.650,1.6176,1.61815,1.00,1.60
2010.08.02 09:34:12.330,1.61765,1.6182,2.00,1.60
2010.08.02 09:34:12.936,1.61765,1.6182,2.80,1.60
2010.08.02 09:34:13.202,1.61765,1.6182,2.00,1.60
2010.08.02 09:34:14.760,1.6177,1.61825,1.20,1.60
2010.08.02 09:34:15.080,1.6177,1.61825,1.00,2.30
2010.08.02 09:34:33.730,1.61775,1.61825,1.00,1.60
2010.08.02 09:34:33.930,1.61775,1.6183,2.50,2.30
2010.08.02 09:34:34.470,1.61775,1.6183,1.00,2.30
2010.08.02 09:34:35.360,1.61775,1.6183,1.80,1.50
2010.08.02 09:34:37.485,1.61775,1.6183,1.00,2.30
2010.08.02 09:34:37.690,1.61775,1.61825,1.00,1.00
2010.08.02 09:34:38.092,1.6177,1.61825,1.30,1.50
2010.08.02 09:34:41.060,1.6177,1.61825,1.30,2.30
2010.08.02 09:34:41.191,1.6177,1.61815,1.30,1.00
2010.08.02 09:34:41.321,1.6177,1.61825,1.00,2.30
2010.08.02 09:34:44.472,1.6177,1.61825,1.00,3.10
2010.08.02 09:34:44.579,1.6177,1.6182,1.00,1.50
2010.08.02 09:34:44.909,1.6177,1.61825,1.00,2.30
2010.08.02 09:34:46.250,1.61755,1.61805,3.60,1.50
2010.08.02 09:34:46.480,1.61755,1.618,1.00,1.00
2010.08.02 09:34:46.680,1.6175,1.618,1.70,1.00
2010.08.02 09:34:48.613,1.6175,1.61805,2.00,3.10
2010.08.02 09:34:48.840,1.6175,1.61795,1.70,1.00
2010.08.02 09:34:49.310,1.6175,1.6179,1.70,1.00
2010.08.02 09:34:49.550,1.6175,1.6179,1.00,1.00
2010.08.02 09:34:49.790,1.6175,1.618,1.00,1.00
2010.08.02 09:34:58.109,1.61745,1.618,3.60,1.00
2010.08.02 09:34:58.359,1.61745,1.618,2.00,1.00
2010.08.02 09:34:58.769,1.61745,1.618,2.00,1.50
2010.08.02 09:34:59.019,1.61745,1.618,2.00,2.30
2010.08.02 09:34:59.610,1.61745,1.618,2.00,2.00
2010.08.02 09:35:00.360,1.61745,1.618,2.00,1.20
2010.08.02 09:35:03.791,1.61745,1.618,2.80,1.20
2010.08.02 09:35:04.267,1.6175,1.618,1.00,1.00
2010.08.02 09:35:04.601,1.61755,1.618,1.00,1.00
2010.08.02 09:35:06.449,1.6176,1.61805,1.00,1.00
2010.08.02 09:35:06.639,1.6176,1.6181,1.00,1.50
2010.08.02 09:35:09.431,1.61765,1.6181,1.00,1.00
2010.08.02 09:35:09.671,1.61765,1.61815,1.20,1.20
2010.08.02 09:35:16.330,1.61765,1.61815,5.20,1.00
2010.08.02 09:35:16.670,1.61775,1.6182,1.00,1.00
2010.08.02 09:35:17.871,1.61775,1.61825,1.00,1.90
2010.08.02 09:35:19.711,1.61775,1.6182,1.00,1.00
2010.08.02 09:35:20.001,1.6177,1.6182,1.00,1.00
2010.08.02 09:35:26.618,1.6177,1.6182,1.20,1.00
2010.08.02 09:35:26.829,1.6178,1.6184,1.00,1.60
2010.08.02 09:35:27.031,1.61785,1.6184,1.30,1.60
2010.08.02 09:35:28.663,1.6179,1.6184,1.00,1.60
2010.08.02 09:35:29.129,1.6179,1.6184,1.00,1.00
2010.08.02 09:35:29.352,1.61805,1.61845,1.00,1.00
2010.08.02 09:35:29.571,1.61805,1.6186,1.00,1.60
2010.08.02 09:35:30.010,1.61805,1.6186,1.00,1.00
2010.08.02 09:35:30.232,1.6181,1.6186,1.00,1.00
2010.08.02 09:35:30.901,1.6181,1.61855,1.00,1.00
2010.08.02 09:35:31.770,1.618,1.61855,1.30,1.20
2010.08.02 09:35:33.052,1.618,1.61845,1.30,1.00
2010.08.02 09:35:34.640,1.618,1.6184,1.00,1.00
2010.08.02 09:35:34.940,1.618,1.61845,1.00,1.00
2010.08.02 09:35:36.681,1.618,1.61845,1.00,1.50
2010.08.02 09:35:38.880,1.618,1.6185,1.00,1.00
2010.08.02 09:35:39.099,1.61795,1.6185,1.00,2.00
2010.08.02 09:35:41.149,1.61795,1.6185,1.00,1.60
2010.08.02 09:35:41.989,1.61795,1.61835,1.00,2.00
2010.08.02 09:35:47.590,1.6179,1.61835,1.00,2.00
2010.08.02 09:35:53.751,1.6179,1.61835,1.00,1.00
2010.08.02 09:35:59.081,1.6178,1.6183,1.70,1.00
2010.08.02 09:36:00.830,1.6178,1.6182,1.70,1.00
2010.08.02 09:36:01.041,1.6178,1.6181,1.30,1.00
2010.08.02 09:36:01.120,1.61775,1.6181,1.30,1.00
2010.08.02 09:36:01.281,1.61775,1.6182,1.30,2.40
2010.08.02 09:36:01.360,1.61765,1.6182,1.30,4.00
2010.08.02 09:36:01.440,1.61765,1.6182,1.30,2.40
2010.08.02 09:36:01.520,1.61765,1.61815,1.30,1.50
2010.08.02 09:36:01.679,1.61765,1.6181,1.30,1.00
2010.08.02 09:36:02.100,1.6177,1.6182,1.00,1.60
2010.08.02 09:36:02.740,1.6177,1.61825,2.00,2.00
2010.08.02 09:36:02.880,1.6177,1.61815,1.30,1.00
2010.08.02 09:36:03.020,1.6177,1.6181,1.30,1.00
2010.08.02 09:36:03.160,1.61765,1.6181,1.30,1.00
2010.08.02 09:36:03.300,1.61765,1.6181,1.00,1.50
2010.08.02 09:36:03.440,1.61765,1.618,1.00,1.00
2010.08.02 09:36:03.579,1.61755,1.618,1.70,1.00
2010.08.02 09:36:04.480,1.61755,1.61795,1.30,1.00
2010.08.02 09:36:05.170,1.61765,1.6181,1.00,1.00
2010.08.02 09:36:06.060,1.6176,1.6181,2.00,1.00
2010.08.02 09:36:06.145,1.6176,1.618,1.00,1.00
2010.08.02 09:36:09.254,1.61755,1.618,1.20,1.00
2010.08.02 09:36:09.550,1.61755,1.618,1.00,1.00
2010.08.02 09:36:12.110,1.6175,1.61795,1.30,1.00
2010.08.02 09:36:17.069,1.6175,1.618,1.80,1.00
2010.08.02 09:36:18.429,1.6175,1.618,1.80,1.10
2010.08.02 09:36:24.339,1.6175,1.618,2.60,1.10
2010.08.02 09:36:25.027,1.6175,1.61805,1.30,2.30
2010.08.02 09:36:26.791,1.6175,1.61805,1.30,1.00
2010.08.02 09:36:29.371,1.6175,1.61805,1.30,1.60
2010.08.02 09:36:29.510,1.6175,1.618,1.30,1.50
2010.08.02 09:36:29.650,1.6175,1.61795,1.30,1.00
2010.08.02 09:36:31.721,1.6175,1.61805,1.30,1.20
2010.08.02 09:36:33.252,1.6175,1.618,1.30,1.50
2010.08.02 09:36:33.480,1.6175,1.61795,1.30,1.00
2010.08.02 09:36:34.340,1.6175,1.618,1.80,2.20
2010.08.02 09:36:34.610,1.6175,1.618,1.80,1.00
2010.08.02 09:36:36.712,1.6175,1.618,1.00,1.00
2010.08.02 09:36:36.971,1.61745,1.6179,1.70,1.00
2010.08.02 09:36:37.230,1.61745,1.618,2.20,1.50
2010.08.02 09:36:40.225,1.61745,1.618,2.20,1.00
2010.08.02 09:36:40.711,1.6175,1.618,1.00,1.00
2010.08.02 09:36:41.409,1.6175,1.61805,1.30,3.50
2010.08.02 09:36:42.012,1.61755,1.61805,1.30,1.90
2010.08.02 09:36:42.322,1.61775,1.6181,1.00,3.10
2010.08.02 09:36:42.971,1.6178,1.61825,1.00,1.50
2010.08.02 09:36:43.251,1.6178,1.6184,1.30,6.00
2010.08.02 09:36:43.530,1.6178,1.61835,1.30,1.50
2010.08.02 09:36:44.896,1.6178,1.6183,1.30,1.00
2010.08.02 09:36:45.182,1.61775,1.61825,1.00,2.30
2010.08.02 09:36:45.590,1.61765,1.6182,2.00,1.00
2010.08.02 09:36:46.931,1.6176,1.61815,1.30,1.60
2010.08.02 09:36:50.480,1.6176,1.6181,1.30,1.60
2010.08.02 09:36:50.631,1.61755,1.61805,1.00,2.70
2010.08.02 09:36:50.780,1.6175,1.618,1.30,1.00
2010.08.02 09:36:51.079,1.6175,1.61795,1.30,1.50
2010.08.02 09:36:55.731,1.6175,1.61795,1.30,2.20
2010.08.02 09:36:57.333,1.6175,1.61795,1.30,1.50
2010.08.02 09:36:58.150,1.6175,1.61795,1.30,2.20
2010.08.02 09:36:59.950,1.6175,1.618,1.30,1.10
2010.08.02 09:37:00.482,1.6175,1.618,1.30,1.00
2010.08.02 09:37:00.592,1.61755,1.618,1.00,1.90
2010.08.02 09:37:02.941,1.61755,1.618,1.00,1.50
2010.08.02 09:37:03.131,1.6176,1.6181,1.00,1.50
2010.08.02 09:37:06.741,1.61765,1.6181,1.00,1.50
2010.08.02 09:37:16.399,1.61755,1.6181,1.80,2.30
2010.08.02 09:37:16.980,1.6176,1.6181,1.30,1.50
2010.08.02 09:37:17.290,1.6176,1.6181,1.00,3.00
2010.08.02 09:37:17.833,1.61755,1.6181,1.80,1.50
2010.08.02 09:37:20.868,1.61755,1.6181,1.80,1.00
2010.08.02 09:37:20.990,1.61755,1.6181,1.80,1.50
2010.08.02 09:37:34.582,1.6176,1.6181,1.00,1.50
2010.08.02 09:37:35.200,1.6176,1.6181,2.80,1.00
2010.08.02 09:37:35.484,1.6177,1.61825,1.30,2.40
2010.08.02 09:37:38.270,1.6177,1.6182,1.30,1.00
2010.08.02 09:37:38.400,1.6177,1.6182,1.00,1.50
2010.08.02 09:37:38.530,1.61765,1.6182,1.30,2.30
2010.08.02 09:37:38.660,1.61765,1.6182,2.00,1.60
2010.08.02 09:37:42.484,1.61765,1.6182,1.30,1.60
2010.08.02 09:37:43.581,1.61765,1.61815,1.30,1.00
2010.08.02 09:37:43.891,1.6177,1.61825,1.30,1.50
2010.08.02 09:37:46.661,1.6177,1.61825,1.30,2.30
2010.08.02 09:37:46.900,1.6177,1.61815,1.30,1.00
2010.08.02 09:37:47.392,1.6177,1.61815,1.30,1.50
2010.08.02 09:37:47.530,1.6177,1.61805,1.00,1.00
2010.08.02 09:37:47.660,1.61765,1.61805,1.30,1.00
2010.08.02 09:37:47.790,1.61765,1.6181,1.30,1.50
2010.08.02 09:37:47.920,1.61765,1.61815,1.30,1.00
2010.08.02 09:37:48.441,1.6177,1.61815,1.30,2.20
2010.08.02 09:37:48.690,1.6177,1.61815,1.30,1.00
2010.08.02 09:37:48.940,1.6177,1.61815,1.30,2.20
2010.08.02 09:37:49.440,1.61765,1.61815,1.30,2.20
2010.08.02 09:37:54.840,1.61765,1.6181,1.30,1.50
2010.08.02 09:37:55.391,1.6176,1.61805,1.30,1.00
2010.08.02 09:37:55.695,1.6176,1.61805,1.00,1.00
2010.08.02 09:37:55.879,1.61755,1.61805,1.30,1.00
2010.08.02 09:38:00.331,1.6175,1.61805,2.00,2.80
2010.08.02 09:38:00.410,1.6175,1.61805,2.00,4.40
2010.08.02 09:38:00.450,1.6175,1.618,2.00,1.50
2010.08.02 09:38:00.491,1.6175,1.61795,1.30,1.00
2010.08.02 09:38:02.448,1.6175,1.61795,1.00,1.00
2010.08.02 09:38:02.711,1.61745,1.61795,1.00,1.00
2010.08.02 09:38:03.240,1.61745,1.618,1.20,3.80
2010.08.02 09:38:03.520,1.61745,1.618,1.20,2.30
2010.08.02 09:38:07.660,1.6175,1.618,1.00,1.60
2010.08.02 09:38:07.882,1.6175,1.61805,2.00,1.20
2010.08.02 09:38:08.540,1.61755,1.61805,1.00,1.00
2010.08.02 09:38:09.112,1.61755,1.61805,1.30,1.00
2010.08.02 09:38:10.937,1.6175,1.618,1.00,1.00
2010.08.02 09:38:11.440,1.6175,1.618,1.00,1.00
2010.08.02 09:38:13.070,1.6175,1.618,1.00,1.50
2010.08.02 09:38:13.850,1.61755,1.61805,1.00,1.20
2010.08.02 09:38:14.250,1.61755,1.61805,1.00,1.00
2010.08.02 09:38:14.520,1.61755,1.61805,2.00,1.00
2010.08.02 09:38:20.051,1.6175,1.618,1.20,1.00
2010.08.02 09:38:25.001,1.6175,1.618,1.20,2.30
2010.08.02 09:38:25.531,1.61745,1.618,1.00,2.30
2010.08.02 09:38:28.560,1.6175,1.618,1.00,2.30
2010.08.02 09:38:36.660,1.61745,1.61795,1.00,1.00
2010.08.02 09:38:37.241,1.61745,1.61795,1.20,1.00
2010.08.02 09:38:37.310,1.61745,1.61795,1.00,1.00
2010.08.02 09:38:37.990,1.61745,1.61795,1.20,1.00
2010.08.02 09:38:38.330,1.61745,1.61795,1.00,1.00
2010.08.02 09:38:39.121,1.61745,1.61795,1.20,1.00
2010.08.02 09:38:43.335,1.6175,1.61795,1.30,1.00
2010.08.02 09:38:49.191,1.61745,1.61795,1.20,1.00
2010.08.02 09:38:55.349,1.6174,1.6179,1.00,1.00
2010.08.02 09:38:55.650,1.6174,1.61795,1.00,1.60
2010.08.02 09:38:57.850,1.61745,1.618,1.00,2.00
2010.08.02 09:38:59.810,1.61745,1.61795,1.00,1.50
2010.08.02 09:39:00.491,1.61745,1.618,1.00,2.00
2010.08.02 09:39:04.382,1.61745,1.618,1.00,2.00
2010.08.02 09:39:04.760,1.61745,1.618,1.00,2.00
2010.08.02 09:39:05.031,1.61745,1.618,2.80,1.20
2010.08.02 09:39:05.301,1.6175,1.618,2.00,1.00
2010.08.02 09:39:05.790,1.61755,1.6181,1.00,3.60
2010.08.02 09:39:06.052,1.6177,1.6181,1.00,1.20
2010.08.02 09:39:06.311,1.61785,1.61835,1.00,2.00
2010.08.02 09:39:06.570,1.61785,1.61835,1.00,2.80
2010.08.02 09:39:06.831,1.61775,1.6183,1.00,2.80
2010.08.02 09:39:07.151,1.6177,1.6182,1.00,2.30
2010.08.02 09:39:07.841,1.61775,1.61825,1.00,1.00
2010.08.02 09:39:08.081,1.61775,1.61825,1.00,1.00
2010.08.02 09:39:08.793,1.61775,1.61825,1.00,1.60
2010.08.02 09:39:09.032,1.6177,1.6181,1.00,1.00
2010.08.02 09:39:09.460,1.6177,1.6182,1.20,1.00
2010.08.02 09:39:10.490,1.6177,1.61815,1.00,1.00
2010.08.02 09:39:12.173,1.6177,1.6182,1.00,1.00
2010.08.02 09:39:12.431,1.6177,1.61815,1.00,1.00
2010.08.02 09:39:13.630,1.61765,1.61815,2.00,1.00
2010.08.02 09:39:17.962,1.61765,1.61815,1.00,1.20
2010.08.02 09:39:18.827,1.6176,1.6181,1.50,1.20
2010.08.02 09:39:19.080,1.61755,1.618,1.00,1.00
2010.08.02 09:39:19.511,1.6176,1.6181,1.00,2.00
2010.08.02 09:39:19.947,1.6176,1.6181,1.00,1.00
2010.08.02 09:39:21.110,1.6176,1.6181,1.20,1.00
2010.08.02 09:39:21.944,1.6176,1.6181,1.00,1.00
2010.08.02 09:39:24.032,1.6176,1.61805,1.00,1.00
2010.08.02 09:39:24.390,1.6176,1.618,1.00,1.00
2010.08.02 09:39:25.331,1.6176,1.61805,1.00,1.00
2010.08.02 09:39:26.434,1.61755,1.61795,1.00,1.00
2010.08.02 09:39:26.771,1.61755,1.618,1.20,1.00
2010.08.02 09:39:27.111,1.6176,1.618,1.00,1.00
2010.08.02 09:39:34.382,1.61755,1.61795,1.00,1.00
2010.08.02 09:39:36.151,1.6175,1.618,1.00,2.00
2010.08.02 09:39:36.751,1.61745,1.618,1.30,2.00
2010.08.02 09:39:41.500,1.61745,1.61795,1.30,2.30
2010.08.02 09:39:42.073,1.61745,1.61795,1.00,2.30
2010.08.02 09:39:42.293,1.6175,1.61805,1.30,1.00
2010.08.02 09:39:46.836,1.6175,1.618,2.00,1.00
2010.08.02 09:39:47.091,1.6174,1.6179,1.30,1.00
2010.08.02 09:39:50.082,1.61745,1.6179,3.20,1.00
2010.08.02 09:39:50.291,1.61755,1.61805,1.00,1.00
2010.08.02 09:39:50.500,1.61755,1.61805,1.60,1.00
2010.08.02 09:39:50.631,1.6176,1.61805,1.00,1.00
2010.08.02 09:39:50.890,1.61765,1.61815,1.00,2.00
2010.08.02 09:39:51.357,1.6176,1.6181,1.00,1.00
2010.08.02 09:39:53.690,1.6176,1.61815,2.00,2.00
2010.08.02 09:39:55.361,1.6176,1.6181,2.00,1.00
2010.08.02 09:39:55.702,1.6176,1.61815,2.00,2.00
2010.08.02 09:39:56.301,1.6176,1.6181,1.00,1.00
2010.08.02 09:40:00.892,1.61765,1.61815,1.20,1.20
2010.08.02 09:40:01.080,1.61765,1.61815,1.20,2.80
2010.08.02 09:40:01.271,1.6176,1.6181,1.30,1.00
2010.08.02 09:40:01.460,1.6176,1.6181,2.00,1.00
2010.08.02 09:40:01.928,1.6176,1.6181,1.30,1.00
2010.08.02 09:40:02.121,1.61755,1.6181,1.30,1.20
2010.08.02 09:40:02.461,1.6176,1.6181,1.00,1.00
2010.08.02 09:40:02.801,1.61755,1.6181,1.30,1.00
2010.08.02 09:40:04.670,1.61755,1.6181,1.30,1.20
2010.08.02 09:40:04.870,1.61755,1.6181,1.30,1.00
2010.08.02 09:40:05.070,1.61755,1.6181,1.30,2.00
2010.08.02 09:40:06.390,1.61765,1.61815,1.00,1.20
2010.08.02 09:40:07.126,1.61765,1.61815,2.00,1.00
2010.08.02 09:40:16.560,1.61765,1.6182,1.30,2.70
2010.08.02 09:40:17.185,1.61765,1.61815,2.00,1.00
2010.08.02 09:40:18.601,1.6177,1.6182,1.00,1.20
2010.08.02 09:40:19.091,1.6177,1.6182,1.00,2.00
2010.08.02 09:40:19.332,1.6176,1.6181,1.00,2.30
2010.08.02 09:40:28.420,1.61755,1.6181,1.00,2.30
2010.08.02 09:40:30.030,1.61755,1.6181,1.00,3.10
2010.08.02 09:40:30.321,1.61745,1.61805,2.80,2.30
2010.08.02 09:40:30.611,1.61745,1.61805,1.30,2.30
2010.08.02 09:40:31.127,1.61745,1.618,1.30,1.60
2010.08.02 09:40:35.681,1.61745,1.618,2.80,1.60
2010.08.02 09:40:35.830,1.61745,1.618,3.60,1.60
2010.08.02 09:40:37.890,1.61745,1.618,1.30,1.60
2010.08.02 09:40:39.682,1.61745,1.61795,2.00,1.00
2010.08.02 09:40:39.973,1.61745,1.61795,1.00,1.00
2010.08.02 09:40:40.142,1.6174,1.61795,1.30,1.00
2010.08.02 09:40:40.310,1.6174,1.6179,1.30,1.00
2010.08.02 09:40:41.410,1.6174,1.6179,1.00,1.00
2010.08.02 09:40:42.131,1.6174,1.6179,1.00,1.50
2010.08.02 09:40:42.931,1.6174,1.61785,1.00,1.00
2010.08.02 09:40:43.890,1.61735,1.61785,1.00,1.00
2010.08.02 09:40:47.811,1.61735,1.6178,1.00,1.00
2010.08.02 09:40:50.600,1.61735,1.61785,1.00,1.50
2010.08.02 09:40:50.660,1.61735,1.6179,1.00,3.10
2010.08.02 09:40:50.718,1.61735,1.6179,1.00,4.70
2010.08.02 09:40:50.780,1.61735,1.61785,1.00,1.50
2010.08.02 09:40:51.160,1.61735,1.6178,1.00,1.00
2010.08.02 09:40:56.582,1.61735,1.6179,1.00,2.30
2010.08.02 09:40:56.801,1.61735,1.6179,1.00,3.90
2010.08.02 09:40:57.022,1.61735,1.6178,1.00,1.00
2010.08.02 09:40:57.361,1.61735,1.61785,1.00,1.00
2010.08.02 09:40:58.460,1.61735,1.61785,1.00,1.00
2010.08.02 09:41:02.443,1.61735,1.61785,1.00,1.50
2010.08.02 09:41:02.887,1.61735,1.61785,1.00,3.10
2010.08.02 09:41:03.132,1.61735,1.6179,1.20,1.60
2010.08.02 09:41:06.430,1.61735,1.6179,1.00,2.30
2010.08.02 09:41:09.751,1.6174,1.6179,1.00,2.00
2010.08.02 09:41:10.230,1.6174,1.6179,1.00,1.00
2010.08.02 09:41:10.403,1.61745,1.61795,1.00,1.60
2010.08.02 09:41:10.592,1.61745,1.61795,1.00,1.00
2010.08.02 09:41:10.771,1.6175,1.618,1.00,1.20
2010.08.02 09:41:14.109,1.61755,1.618,1.00,1.00
2010.08.02 09:41:16.671,1.6175,1.618,1.00,1.20
2010.08.02 09:41:17.170,1.6175,1.61795,1.00,1.00
2010.08.02 09:41:17.327,1.6174,1.61795,2.80,1.20
2010.08.02 09:41:17.471,1.61745,1.61795,1.00,1.20
2010.08.02 09:41:17.813,1.61745,1.61795,1.50,1.20
2010.08.02 09:41:18.434,1.6175,1.61795,1.00,1.20
2010.08.02 09:41:18.753,1.6174,1.61795,2.80,1.20
2010.08.02 09:41:19.353,1.61745,1.61795,1.00,1.20
2010.08.02 09:41:19.652,1.6174,1.61795,1.30,1.60
2010.08.02 09:41:20.097,1.6174,1.61795,1.00,2.40
2010.08.02 09:41:20.771,1.61745,1.61795,1.00,2.00
2010.08.02 09:41:21.343,1.6175,1.61805,1.30,1.00
2010.08.02 09:41:22.902,1.6175,1.61805,1.30,3.10
2010.08.02 09:41:23.041,1.61745,1.61805,1.30,2.30
2010.08.02 09:41:23.320,1.61745,1.61805,3.60,2.30
2010.08.02 09:41:23.460,1.6175,1.61805,1.30,2.30
2010.08.02 09:41:24.661,1.61755,1.61805,1.00,1.60
2010.08.02 09:41:24.991,1.61755,1.6181,1.20,2.30
2010.08.02 09:41:27.524,1.61755,1.61805,1.20,1.00
2010.08.02 09:41:27.760,1.61755,1.61805,1.00,1.60
2010.08.02 09:41:30.020,1.6175,1.618,3.30,1.00
2010.08.02 09:41:30.190,1.6175,1.618,1.80,1.00
2010.08.02 09:41:31.791,1.61745,1.61795,1.00,1.50
2010.08.02 09:41:31.940,1.61745,1.61785,1.00,1.00
2010.08.02 09:41:32.090,1.6174,1.61785,1.00,1.00
2010.08.02 09:41:49.970,1.6174,1.61785,1.00,2.20
2010.08.02 09:41:50.160,1.6174,1.61785,1.00,1.00
2010.08.02 09:41:51.661,1.6174,1.6177,1.00,1.00
2010.08.02 09:41:51.871,1.61725,1.6176,1.00,1.00
2010.08.02 09:41:52.071,1.61715,1.6176,1.00,1.20
2010.08.02 09:41:52.552,1.61715,1.6176,1.20,1.20
2010.08.02 09:41:52.750,1.61725,1.6176,1.00,1.00
2010.08.02 09:41:52.950,1.61725,1.6177,1.00,1.60
2010.08.02 09:41:53.437,1.6172,1.6177,1.00,1.00
2010.08.02 09:41:53.935,1.6172,1.61775,1.20,1.60
2010.08.02 09:41:54.080,1.6172,1.61775,2.00,1.00
2010.08.02 09:41:55.694,1.6172,1.61775,1.70,1.50
2010.08.02 09:41:55.871,1.6172,1.6177,1.00,1.00
2010.08.02 09:41:56.063,1.61725,1.6177,1.00,1.00
2010.08.02 09:41:56.310,1.61725,1.6177,3.90,1.00
2010.08.02 09:41:56.432,1.61735,1.61775,1.00,1.00
2010.08.02 09:41:56.550,1.6172,1.6177,1.30,1.00
2010.08.02 09:41:56.670,1.6172,1.6177,1.00,1.00
2010.08.02 09:41:56.790,1.6172,1.6177,1.00,1.20
2010.08.02 09:41:57.430,1.61725,1.6177,2.30,1.20
2010.08.02 09:41:57.771,1.61735,1.6178,1.00,1.60
2010.08.02 09:41:58.651,1.61725,1.61775,1.00,1.00
2010.08.02 09:41:59.940,1.61725,1.61775,1.00,1.00
2010.08.02 09:42:00.540,1.61725,1.61775,1.00,2.00
2010.08.02 09:42:02.482,1.61735,1.61775,1.00,1.00
2010.08.02 09:42:02.791,1.61735,1.61785,1.00,1.60
2010.08.02 09:42:03.410,1.6174,1.61785,1.00,1.60
2010.08.02 09:42:03.751,1.6175,1.61795,2.80,1.60
2010.08.02 09:42:04.461,1.6177,1.6182,1.00,1.00
2010.08.02 09:42:04.650,1.6177,1.6182,1.20,1.00
2010.08.02 09:42:04.840,1.61775,1.6182,1.00,1.00
2010.08.02 09:42:05.031,1.61775,1.61825,1.20,1.00
2010.08.02 09:42:06.191,1.61775,1.61825,1.00,1.00
2010.08.02 09:42:06.411,1.6177,1.6182,1.30,1.00
2010.08.02 09:42:11.062,1.6177,1.61815,1.30,1.60
2010.08.02 09:42:11.140,1.6177,1.6181,1.00,1.00
2010.08.02 09:42:11.220,1.6176,1.6181,3.60,1.00
2010.08.02 09:42:11.301,1.6176,1.6181,1.20,1.00
2010.08.02 09:42:11.641,1.61755,1.61805,1.70,2.00
2010.08.02 09:42:13.250,1.61755,1.61805,2.50,2.00
2010.08.02 09:42:13.491,1.6177,1.6181,1.00,1.60
2010.08.02 09:42:13.880,1.6176,1.6181,2.20,2.30
2010.08.02 09:42:14.183,1.61755,1.618,1.00,2.40
2010.08.02 09:42:14.480,1.61755,1.61795,1.00,2.00
2010.08.02 09:42:14.721,1.61755,1.61795,1.00,2.00
2010.08.02 09:42:15.345,1.6177,1.61805,1.00,1.60
2010.08.02 09:42:17.980,1.61765,1.6181,1.10,1.00
2010.08.02 09:42:18.231,1.6176,1.6181,3.10,1.00
2010.08.02 09:42:18.451,1.6176,1.6181,1.60,1.00
2010.08.02 09:42:18.670,1.6176,1.6181,2.00,1.20
2010.08.02 09:42:18.780,1.6176,1.6181,1.00,1.20
2010.08.02 09:42:21.241,1.61755,1.61805,1.00,2.30
2010.08.02 09:42:21.880,1.61755,1.61795,1.20,1.00
2010.08.02 09:42:22.080,1.6176,1.61795,1.50,1.00
2010.08.02 09:42:22.280,1.6177,1.61805,1.00,1.60
2010.08.02 09:42:22.864,1.6177,1.61805,1.00,1.00
2010.08.02 09:42:23.060,1.61755,1.61805,1.70,1.00
2010.08.02 09:42:23.400,1.6176,1.6181,1.00,1.50
2010.08.02 09:42:25.000,1.61765,1.61815,1.20,2.30
2010.08.02 09:42:25.550,1.61775,1.61805,1.00,1.60
2010.08.02 09:42:25.773,1.6176,1.61805,1.00,1.60
2010.08.02 09:42:26.001,1.61755,1.61805,1.00,1.60
2010.08.02 09:42:26.161,1.6176,1.61805,1.00,1.60
2010.08.02 09:42:27.040,1.6176,1.618,1.00,1.00
2010.08.02 09:42:27.200,1.6176,1.618,1.00,1.60
2010.08.02 09:42:28.111,1.61765,1.61805,1.00,1.00
2010.08.02 09:42:28.551,1.6176,1.61805,1.00,1.00
2010.08.02 09:42:29.573,1.6178,1.6181,1.00,1.50
2010.08.02 09:42:29.912,1.6179,1.6184,1.20,1.20
