2011.02.15 20:00:00.147,1.59486,1.59542,3.38,2.93
2011.02.15 20:00:00.437,1.59486,1.59542,3.45,2.93
2011.02.15 20:00:00.659,1.59493,1.59551,2.93,3.12
2011.02.15 20:00:01.207,1.59484,1.5955,2.25,1.62
2011.02.15 20:00:01.759,1.59486,1.5955,1.39,1.43
2011.02.15 20:00:02.086,1.59498,1.59554,1.50,1.88
2011.02.15 20:00:03.148,1.59498,1.59554,1.50,1.95
2011.02.15 20:00:03.515,1.59482,1.59537,1.58,1.50
2011.02.15 20:00:06.088,1.59486,1.59542,1.88,2.93
2011.02.15 20:00:06.697,1.59486,1.59542,3.45,2.93
2011.02.15 20:00:08.328,1.59486,1.59542,3.45,2.93
2011.02.15 20:00:08.548,1.59486,1.59542,3.30,3.08
2011.02.15 20:00:09.077,1.59486,1.59542,3.38,2.93
2011.02.15 20:00:10.047,1.59486,1.59542,3.45,2.93
2011.02.15 20:00:11.498,1.59486,1.59542,2.03,1.50
2011.02.15 20:00:11.609,1.59486,1.59542,1.88,1.58
2011.02.15 20:00:11.717,1.59486,1.59542,1.95,1.50
2011.02.15 20:00:12.309,1.59486,1.59542,1.95,1.50
2011.02.15 20:00:13.759,1.59486,1.59542,2.03,1.58
2011.02.15 20:00:15.268,1.59492,1.5955,1.58,1.13
2011.02.15 20:00:15.488,1.59492,1.59552,1.58,1.95
2011.02.15 20:00:16.380,1.59484,1.59551,2.89,1.88
2011.02.15 20:00:16.970,1.59484,1.5955,2.97,1.13
2011.02.15 20:00:17.300,1.59498,1.59546,1.50,1.50
2011.02.15 20:00:17.408,1.59486,1.5955,1.99,1.20
2011.02.15 20:00:17.518,1.59486,1.59548,1.80,1.02
2011.02.15 20:00:17.629,1.59479,1.59537,1.50,1.88
2011.02.15 20:00:18.177,1.59473,1.59533,1.84,1.50
2011.02.15 20:00:18.287,1.59473,1.59533,1.77,1.50
2011.02.15 20:00:19.257,1.59473,1.59533,1.77,1.50
2011.02.15 20:00:19.479,1.5948,1.59536,1.50,1.88
2011.02.15 20:00:19.854,1.59474,1.59532,1.84,1.50
2011.02.15 20:00:20.147,1.59479,1.59537,1.50,2.70
2011.02.15 20:00:21.028,1.59479,1.59537,1.58,1.88
2011.02.15 20:00:21.488,1.59479,1.59537,1.50,1.88
2011.02.15 20:00:21.598,1.59472,1.59528,2.89,1.50
2011.02.15 20:00:21.928,1.59469,1.59523,1.39,1.50
2011.02.15 20:00:22.709,1.59467,1.59523,2.40,1.50
2011.02.15 20:00:23.147,1.59472,1.59528,1.88,1.50
2011.02.15 20:00:23.588,1.59474,1.59536,1.50,1.88
2011.02.15 20:00:24.809,1.59474,1.59536,1.58,1.88
2011.02.15 20:00:25.257,1.59478,1.59536,1.09,1.88
2011.02.15 20:00:25.624,1.59489,1.59552,1.88,1.50
2011.02.15 20:00:27.309,1.59489,1.59552,1.95,1.50
2011.02.15 20:00:27.420,1.595,1.59561,1.50,2.40
2011.02.15 20:00:28.193,1.595,1.59561,1.50,1.88
2011.02.15 20:00:29.467,1.59497,1.59555,2.07,1.50
2011.02.15 20:00:32.338,1.59492,1.5955,2.40,1.50
2011.02.15 20:00:32.667,1.59479,1.59532,1.65,1.50
2011.02.15 20:00:33.339,1.59479,1.59532,1.58,1.50
2011.02.15 20:00:33.659,1.59479,1.59532,1.58,1.50
2011.02.15 20:00:34.098,1.59482,1.59532,1.58,1.50
2011.02.15 20:00:34.659,1.59478,1.59532,1.65,1.50
2011.02.15 20:00:39.397,1.59483,1.59543,1.58,2.07
2011.02.15 20:00:39.508,1.59483,1.59543,1.84,1.88
2011.02.15 20:00:39.618,1.59493,1.59549,1.50,1.50
2011.02.15 20:00:40.603,1.59493,1.59549,1.50,1.58
2011.02.15 20:00:41.630,1.59493,1.59549,1.50,1.50
2011.02.15 20:00:43.169,1.59493,1.59549,1.65,1.50
2011.02.15 20:00:44.479,1.59493,1.59549,1.58,1.50
2011.02.15 20:00:46.632,1.59493,1.59549,1.80,1.50
2011.02.15 20:00:46.891,1.59493,1.59549,1.50,1.50
2011.02.15 20:00:47.918,1.59493,1.59549,1.65,1.50
2011.02.15 20:00:49.138,1.59493,1.59549,1.65,1.50
2011.02.15 20:00:51.568,1.59493,1.59549,2.03,1.50
2011.02.15 20:00:51.949,1.59487,1.59542,1.02,1.50
2011.02.15 20:00:52.388,1.59484,1.59542,1.77,1.50
2011.02.15 20:00:58.230,1.59484,1.59542,1.50,1.77
2011.02.15 20:00:58.337,1.59481,1.59536,1.20,1.50
2011.02.15 20:00:58.558,1.59484,1.59542,1.50,1.77
2011.02.15 20:00:59.028,1.59484,1.59542,1.58,1.69
2011.02.15 20:01:00.017,1.59484,1.59542,1.50,1.69
2011.02.15 20:01:00.809,1.59484,1.59542,1.95,1.69
2011.02.15 20:01:01.358,1.59484,1.59542,1.95,1.69
2011.02.15 20:01:01.577,1.59484,1.59542,1.88,1.69
2011.02.15 20:01:01.800,1.59484,1.59534,1.50,2.18
2011.02.15 20:01:01.908,1.59471,1.59526,1.02,1.50
2011.02.15 20:01:02.129,1.59474,1.59542,1.69,2.44
2011.02.15 20:01:03.117,1.59478,1.59542,1.80,1.69
2011.02.15 20:01:03.228,1.59487,1.59545,1.50,1.69
2011.02.15 20:01:05.668,1.59487,1.59545,1.58,1.69
2011.02.15 20:01:05.777,1.59487,1.59545,1.58,1.50
2011.02.15 20:01:06.317,1.59487,1.59545,1.65,1.50
2011.02.15 20:01:07.108,1.59487,1.59545,1.65,1.50
2011.02.15 20:01:07.219,1.5949,1.59554,1.50,1.09
2011.02.15 20:01:08.448,1.5949,1.59554,1.65,1.09
2011.02.15 20:01:14.179,1.5949,1.59557,1.50,1.02
2011.02.15 20:01:14.287,1.5949,1.59557,1.50,1.02
2011.02.15 20:01:14.727,1.5949,1.59558,1.58,2.44
2011.02.15 20:01:15.757,1.59489,1.59558,1.99,1.50
2011.02.15 20:01:16.817,1.59489,1.5955,1.99,1.13
2011.02.15 20:01:17.147,1.59489,1.59546,1.77,1.50
2011.02.15 20:01:17.698,1.59498,1.59547,1.50,1.50
2011.02.15 20:01:18.297,1.59498,1.59547,1.50,1.50
2011.02.15 20:01:23.158,1.59492,1.59546,1.65,1.50
2011.02.15 20:01:24.433,1.59492,1.59547,1.58,1.50
2011.02.15 20:01:25.229,1.59492,1.59546,1.65,1.50
2011.02.15 20:01:25.617,1.59492,1.59546,1.80,1.50
2011.02.15 20:01:26.658,1.59492,1.59546,1.58,1.50
2011.02.15 20:01:29.817,1.59492,1.59547,1.58,1.58
2011.02.15 20:01:31.498,1.59492,1.59547,1.58,1.50
2011.02.15 20:01:31.717,1.59498,1.59547,1.50,1.50
2011.02.15 20:01:32.200,1.5948,1.59542,1.69,2.25
2011.02.15 20:01:32.309,1.5948,1.59536,1.32,1.50
2011.02.15 20:01:32.528,1.5948,1.59536,1.50,1.69
2011.02.15 20:01:32.639,1.59479,1.59529,1.50,1.50
2011.02.15 20:01:32.859,1.59497,1.59555,1.50,1.58
2011.02.15 20:01:32.968,1.59497,1.59555,1.50,1.50
2011.02.15 20:01:33.079,1.59506,1.59559,1.50,1.13
2011.02.15 20:01:34.177,1.59499,1.59558,1.50,1.13
2011.02.15 20:01:36.758,1.59499,1.59558,1.65,1.13
2011.02.15 20:01:38.397,1.59499,1.59559,1.65,2.63
2011.02.15 20:01:40.858,1.59506,1.59559,1.50,1.13
2011.02.15 20:01:47.937,1.59497,1.59555,2.18,1.50
2011.02.15 20:01:48.720,1.59497,1.59555,1.58,1.50
2011.02.15 20:01:48.947,1.59497,1.59555,1.80,1.50
2011.02.15 20:01:50.179,1.59506,1.59559,1.50,1.13
2011.02.15 20:01:51.849,1.59498,1.59555,1.58,1.50
2011.02.15 20:01:52.468,1.59497,1.59555,1.58,1.50
2011.02.15 20:01:52.579,1.59492,1.5955,2.97,1.50
2011.02.15 20:01:53.189,1.59492,1.5955,2.37,1.50
2011.02.15 20:01:54.618,1.59492,1.5955,2.22,1.50
2011.02.15 20:01:55.607,1.59492,1.5955,2.22,1.50
2011.02.15 20:01:59.642,1.59492,1.5955,2.22,1.50
2011.02.15 20:02:00.403,1.59492,1.5955,2.29,1.50
2011.02.15 20:02:00.809,1.59499,1.59559,1.50,2.25
2011.02.15 20:02:00.917,1.59499,1.59559,1.65,2.25
2011.02.15 20:02:01.248,1.59499,1.59559,2.44,2.25
2011.02.15 20:02:01.577,1.59509,1.59565,1.88,1.50
2011.02.15 20:02:02.758,1.59509,1.59565,1.95,1.50
2011.02.15 20:02:03.750,1.59509,1.59565,1.95,1.50
2011.02.15 20:02:03.858,1.59509,1.59565,1.88,1.50
2011.02.15 20:02:04.229,1.5951,1.59565,1.28,1.50
2011.02.15 20:02:04.448,1.59516,1.59574,1.50,2.82
2011.02.15 20:02:04.668,1.5951,1.59565,1.28,1.50
2011.02.15 20:02:04.887,1.59516,1.59574,1.58,2.82
2011.02.15 20:02:05.248,1.5951,1.59566,1.20,1.50
2011.02.15 20:02:05.877,1.5951,1.59566,1.28,1.50
2011.02.15 20:02:06.630,1.5951,1.59566,1.20,1.50
2011.02.15 20:02:09.508,1.59512,1.59566,1.05,1.50
2011.02.15 20:02:09.617,1.59509,1.59566,1.20,1.50
2011.02.15 20:02:10.500,1.59509,1.59566,1.28,1.50
2011.02.15 20:02:10.719,1.59509,1.59566,1.20,1.50
2011.02.15 20:02:16.439,1.59509,1.59566,1.28,1.50
2011.02.15 20:02:17.529,1.59509,1.59566,1.20,1.50
2011.02.15 20:02:19.508,1.59508,1.59566,1.95,1.50
2011.02.15 20:02:19.619,1.59523,1.59566,1.50,1.50
2011.02.15 20:02:19.838,1.59512,1.59566,1.05,1.50
2011.02.15 20:02:20.135,1.59509,1.59566,1.95,1.50
2011.02.15 20:02:29.997,1.59508,1.59566,2.10,1.50
2011.02.15 20:02:30.367,1.59509,1.59566,1.95,1.50
2011.02.15 20:02:33.818,1.59509,1.59565,3.45,1.50
2011.02.15 20:02:36.988,1.59512,1.59565,1.05,1.50
2011.02.15 20:02:37.208,1.5954,1.59598,1.50,1.58
2011.02.15 20:02:37.427,1.59531,1.59591,2.44,1.50
2011.02.15 20:02:38.437,1.59531,1.59591,2.07,1.50
2011.02.15 20:02:39.667,1.59531,1.59591,2.22,1.50
2011.02.15 20:02:40.668,1.59531,1.59591,2.14,1.50
2011.02.15 20:02:46.587,1.59531,1.59591,2.14,2.25
2011.02.15 20:02:55.768,1.59531,1.59591,2.14,3.00
2011.02.15 20:03:00.012,1.59531,1.59591,1.77,1.50
2011.02.15 20:03:00.339,1.59531,1.59589,1.69,1.43
2011.02.15 20:03:00.449,1.59531,1.59589,1.50,1.43
2011.02.15 20:03:00.781,1.59522,1.59581,1.02,1.50
2011.02.15 20:03:01.328,1.59519,1.59574,1.69,1.50
2011.02.15 20:03:01.437,1.59518,1.59574,1.69,1.50
2011.02.15 20:03:01.769,1.59513,1.59571,1.58,1.50
2011.02.15 20:03:04.078,1.59514,1.59571,1.50,1.50
2011.02.15 20:03:04.650,1.59514,1.59571,1.58,1.50
2011.02.15 20:03:05.669,1.59514,1.59571,1.50,1.50
2011.02.15 20:03:05.997,1.59514,1.59579,1.50,2.14
2011.02.15 20:03:06.217,1.59522,1.59579,1.50,2.14
2011.02.15 20:03:06.940,1.59516,1.59574,1.58,1.43
2011.02.15 20:03:07.158,1.59514,1.59574,1.50,1.43
2011.02.15 20:03:08.427,1.59514,1.59574,1.50,1.50
2011.02.15 20:03:09.227,1.59514,1.59574,1.50,1.58
2011.02.15 20:03:09.870,1.59514,1.59574,1.50,1.58
2011.02.15 20:03:10.478,1.59514,1.59574,1.50,1.50
2011.02.15 20:03:11.219,1.59513,1.59574,1.95,1.43
2011.02.15 20:03:11.548,1.59518,1.59579,1.50,2.07
2011.02.15 20:03:12.788,1.59518,1.59579,1.50,2.07
2011.02.15 20:03:12.897,1.59518,1.59566,1.50,1.50
2011.02.15 20:03:13.407,1.59518,1.59566,1.50,1.50
2011.02.15 20:03:15.397,1.59518,1.59566,1.50,1.50
2011.02.15 20:03:16.606,1.59513,1.59566,1.88,1.50
2011.02.15 20:03:17.177,1.59518,1.59566,1.50,1.50
2011.02.15 20:03:25.349,1.59518,1.59566,1.50,1.50
2011.02.15 20:03:31.397,1.59518,1.59571,1.50,1.58
2011.02.15 20:03:31.957,1.59518,1.59571,1.50,1.58
2011.02.15 20:03:41.658,1.59518,1.59571,1.50,1.50
2011.02.15 20:03:42.207,1.59516,1.59571,1.13,1.50
2011.02.15 20:03:42.979,1.59516,1.59571,1.28,1.50
2011.02.15 20:03:43.197,1.59521,1.59581,1.58,2.07
2011.02.15 20:03:44.927,1.59521,1.59581,1.50,2.07
2011.02.15 20:03:45.147,1.59516,1.59572,1.20,1.50
2011.02.15 20:03:46.629,1.59516,1.59572,1.13,1.50
2011.02.15 20:03:47.298,1.5952,1.59576,1.50,1.50
2011.02.15 20:03:47.518,1.59516,1.59572,1.20,1.50
2011.02.15 20:03:49.669,1.59516,1.59572,1.28,1.50
2011.02.15 20:03:59.168,1.59516,1.59572,1.28,1.50
2011.02.15 20:03:59.388,1.59521,1.59581,1.58,2.07
2011.02.15 20:04:00.717,1.59521,1.59581,1.50,2.07
2011.02.15 20:04:01.319,1.59521,1.59581,1.58,2.07
2011.02.15 20:04:01.806,1.59521,1.59581,1.58,1.88
2011.02.15 20:04:07.517,1.59521,1.59581,1.50,1.88
2011.02.15 20:04:08.087,1.59521,1.59581,1.50,1.50
2011.02.15 20:04:08.967,1.59521,1.59581,1.58,1.50
2011.02.15 20:04:11.151,1.59521,1.59581,1.50,1.58
2011.02.15 20:04:17.297,1.59521,1.59581,1.58,1.50
2011.02.15 20:04:20.268,1.59521,1.59581,1.50,1.58
2011.02.15 20:04:23.928,1.59521,1.59581,1.50,1.65
2011.02.15 20:04:24.257,1.59516,1.59572,1.13,1.50
2011.02.15 20:04:27.699,1.59518,1.59572,1.88,1.80
2011.02.15 20:04:28.517,1.59518,1.59572,1.50,1.80
2011.02.15 20:04:30.008,1.59514,1.59572,2.25,1.80
2011.02.15 20:04:38.480,1.59514,1.59572,3.08,1.50
2011.02.15 20:04:38.818,1.59516,1.59572,1.58,1.50
2011.02.15 20:04:39.169,1.59519,1.59572,1.50,1.65
2011.02.15 20:04:40.607,1.59519,1.59572,1.50,1.58
2011.02.15 20:04:41.641,1.59519,1.59572,1.50,1.65
2011.02.15 20:04:42.896,1.59514,1.59572,1.88,1.65
2011.02.15 20:04:43.287,1.59514,1.59572,1.88,1.73
2011.02.15 20:04:43.638,1.59506,1.59564,2.33,1.50
2011.02.15 20:04:48.558,1.59506,1.59564,2.33,1.69
2011.02.15 20:04:48.669,1.59499,1.59556,1.28,1.50
2011.02.15 20:04:48.888,1.59506,1.59564,1.58,2.07
2011.02.15 20:04:52.347,1.59506,1.59564,1.58,1.88
2011.02.15 20:04:52.568,1.59505,1.59572,2.52,2.25
2011.02.15 20:04:52.896,1.59522,1.59578,1.88,1.69
2011.02.15 20:04:53.936,1.59522,1.59578,1.95,1.69
2011.02.15 20:04:55.689,1.59522,1.59578,2.03,1.50
2011.02.15 20:04:56.697,1.59522,1.59578,1.95,1.58
2011.02.15 20:04:58.038,1.59522,1.59578,1.88,1.58
2011.02.15 20:05:02.597,1.59522,1.59578,2.03,1.65
2011.02.15 20:05:03.147,1.59522,1.59578,1.95,1.50
2011.02.15 20:05:04.609,1.59522,1.59578,2.03,1.50
2011.02.15 20:05:05.777,1.59522,1.59578,1.95,1.58
2011.02.15 20:05:05.997,1.59522,1.59578,1.95,1.50
2011.02.15 20:05:06.438,1.59515,1.59575,2.44,1.50
2011.02.15 20:05:09.339,1.59512,1.59568,2.03,1.50
2011.02.15 20:05:09.558,1.59508,1.59564,1.05,1.50
2011.02.15 20:05:18.175,1.59506,1.59564,2.59,1.50
2011.02.15 20:05:28.178,1.59506,1.59564,2.52,1.50
2011.02.15 20:05:35.998,1.59506,1.59564,2.40,1.69
2011.02.15 20:05:38.188,1.59506,1.59564,1.58,2.07
2011.02.15 20:05:38.408,1.59502,1.59555,1.28,1.50
2011.02.15 20:05:39.478,1.59506,1.59564,1.58,2.07
2011.02.15 20:05:41.719,1.59506,1.59564,1.65,2.07
2011.02.15 20:05:41.828,1.59502,1.59556,1.43,1.50
2011.02.15 20:05:42.049,1.59506,1.59564,1.58,3.49
2011.02.15 20:05:42.269,1.59502,1.59556,1.28,1.50
2011.02.15 20:05:43.447,1.59502,1.59556,1.20,1.50
2011.02.15 20:05:45.228,1.59498,1.59556,1.88,1.50
2011.02.15 20:05:45.448,1.59492,1.59549,1.02,1.50
2011.02.15 20:05:48.407,1.59489,1.59549,2.52,1.50
2011.02.15 20:05:50.318,1.59489,1.59549,2.25,1.69
2011.02.15 20:05:53.448,1.59487,1.59539,1.65,1.50
2011.02.15 20:05:53.668,1.5949,1.59548,1.95,1.69
2011.02.15 20:05:56.098,1.59485,1.59539,1.58,1.50
2011.02.15 20:05:58.488,1.59486,1.59539,1.20,1.50
2011.02.15 20:05:59.524,1.59486,1.59539,1.20,1.50
2011.02.15 20:06:01.860,1.59483,1.59539,1.88,1.58
2011.02.15 20:06:02.189,1.59469,1.59523,1.20,1.50
2011.02.15 20:06:02.500,1.59469,1.59523,1.28,1.50
2011.02.15 20:06:02.609,1.59474,1.59532,1.58,1.69
2011.02.15 20:06:03.728,1.59474,1.59532,1.50,1.69
2011.02.15 20:06:03.837,1.59469,1.59524,2.03,1.50
2011.02.15 20:06:05.648,1.59469,1.59524,2.03,1.50
2011.02.15 20:06:06.220,1.59469,1.59524,1.95,1.50
2011.02.15 20:06:47.732,1.59473,1.59533,1.58,2.07
2011.02.15 20:06:47.841,1.59469,1.59523,1.20,1.50
2011.02.15 20:06:49.741,1.59469,1.59523,1.28,1.50
2011.02.15 20:06:59.157,1.59467,1.59523,2.03,1.50
2011.02.15 20:07:00.041,1.59467,1.59523,2.18,1.50
2011.02.15 20:07:00.742,1.59471,1.59529,1.65,1.50
2011.02.15 20:07:01.181,1.59476,1.59532,1.50,2.14
2011.02.15 20:07:02.183,1.59476,1.59532,1.50,1.88
2011.02.15 20:07:02.550,1.59476,1.59532,1.58,1.88
2011.02.15 20:07:03.832,1.59476,1.59526,1.50,1.43
2011.02.15 20:07:04.161,1.59466,1.59526,1.95,1.50
2011.02.15 20:07:04.833,1.59461,1.59525,1.65,1.50
2011.02.15 20:07:07.041,1.59461,1.5953,1.65,1.43
2011.02.15 20:07:07.471,1.59461,1.59525,1.65,1.50
2011.02.15 20:07:15.147,1.59469,1.59525,1.13,1.50
2011.02.15 20:07:15.702,1.59469,1.59526,1.95,1.50
2011.02.15 20:07:15.811,1.59469,1.59535,1.95,1.95
2011.02.15 20:07:16.360,1.59468,1.59535,1.95,1.95
2011.02.15 20:07:17.690,1.59468,1.59535,2.10,1.95
2011.02.15 20:07:18.894,1.59468,1.59535,2.03,1.88
2011.02.15 20:07:23.159,1.59468,1.59519,2.03,1.50
2011.02.15 20:07:23.271,1.59468,1.59519,2.03,1.50
2011.02.15 20:07:23.601,1.59468,1.59536,2.03,2.07
2011.02.15 20:07:25.192,1.59469,1.5952,1.58,1.50
2011.02.15 20:07:25.301,1.59468,1.59528,1.95,1.62
2011.02.15 20:07:25.521,1.59469,1.59526,1.58,1.50
2011.02.15 20:07:30.681,1.59466,1.59526,2.40,1.50
2011.02.15 20:07:33.671,1.59466,1.59526,2.40,1.50
2011.02.15 20:07:39.505,1.59472,1.59526,1.13,1.58
2011.02.15 20:07:39.612,1.59472,1.59526,1.20,1.50
2011.02.15 20:07:41.292,1.59472,1.59526,1.13,1.50
2011.02.15 20:07:41.842,1.59472,1.59526,1.20,1.50
2011.02.15 20:07:43.292,1.59472,1.59526,1.13,1.50
2011.02.15 20:07:43.927,1.59472,1.59526,1.20,1.50
2011.02.15 20:07:53.792,1.59472,1.59525,1.20,1.50
2011.02.15 20:07:54.324,1.59472,1.59526,1.20,1.50
2011.02.15 20:08:06.732,1.5947,1.59526,1.47,3.00
2011.02.15 20:08:12.161,1.59472,1.59535,1.39,1.58
2011.02.15 20:08:12.691,1.59472,1.59526,1.39,1.50
2011.02.15 20:08:14.551,1.59472,1.59526,1.13,1.50
2011.02.15 20:08:14.661,1.59472,1.59517,1.13,1.50
2011.02.15 20:08:18.897,1.59472,1.59522,1.20,1.50
2011.02.15 20:08:23.521,1.59468,1.59522,1.50,1.50
2011.02.15 20:08:26.007,1.59467,1.59522,1.58,1.50
2011.02.15 20:08:26.783,1.59464,1.59522,3.08,1.50
2011.02.15 20:08:31.912,1.59464,1.59522,3.15,1.50
2011.02.15 20:08:32.021,1.5947,1.59526,1.58,1.88
2011.02.15 20:08:39.732,1.5947,1.59526,2.33,1.50
2011.02.15 20:08:41.962,1.5947,1.59526,2.25,3.08
2011.02.15 20:08:51.002,1.59465,1.59522,1.28,1.50
2011.02.15 20:08:51.111,1.5947,1.59526,1.58,3.00
2011.02.15 20:08:58.562,1.5947,1.59526,1.50,1.50
2011.02.15 20:08:58.782,1.59465,1.59521,1.95,1.50
2011.02.15 20:08:59.692,1.5947,1.59526,1.58,1.50
2011.02.15 20:09:00.392,1.5947,1.59526,1.58,3.00
2011.02.15 20:09:00.722,1.59465,1.59517,1.88,1.50
2011.02.15 20:09:01.333,1.5946,1.59516,2.33,2.25
2011.02.15 20:09:07.102,1.59455,1.59511,2.59,1.50
2011.02.15 20:09:08.500,1.59455,1.59511,2.59,1.50
2011.02.15 20:09:09.123,1.59455,1.59511,2.59,1.50
2011.02.15 20:09:15.161,1.5945,1.59506,2.48,1.50
2011.02.15 20:09:23.971,1.59458,1.59516,2.18,2.25
2011.02.15 20:09:26.193,1.59458,1.59516,2.10,1.50
2011.02.15 20:09:26.303,1.59458,1.59516,2.03,1.50
2011.02.15 20:09:26.633,1.59466,1.59524,1.50,1.88
2011.02.15 20:09:26.852,1.59466,1.59524,1.58,1.88
2011.02.15 20:09:27.073,1.59466,1.59524,1.50,1.88
2011.02.15 20:09:28.111,1.59458,1.59516,2.25,1.50
2011.02.15 20:09:28.553,1.59466,1.59524,1.50,3.68
2011.02.15 20:09:29.871,1.59457,1.59517,2.03,1.50
2011.02.15 20:09:29.981,1.59457,1.59517,2.03,1.65
2011.02.15 20:09:30.713,1.59457,1.59517,2.03,1.50
2011.02.15 20:09:32.481,1.59457,1.59517,1.95,1.50
2011.02.15 20:09:33.661,1.59457,1.59517,1.95,1.58
2011.02.15 20:09:35.583,1.59457,1.59517,2.03,1.50
2011.02.15 20:09:36.263,1.59457,1.59517,1.95,1.50
2011.02.15 20:09:54.671,1.59457,1.59517,2.03,1.50
2011.02.15 20:09:58.307,1.59458,1.59516,1.65,1.50
2011.02.15 20:09:58.711,1.59458,1.59516,1.65,1.50
2011.02.15 20:09:58.822,1.59458,1.59516,1.65,1.50
2011.02.15 20:09:58.932,1.59458,1.59516,1.50,1.50
2011.02.15 20:10:01.653,1.59458,1.59516,1.65,1.50
2011.02.15 20:10:05.702,1.59466,1.59523,1.50,1.95
2011.02.15 20:10:05.814,1.59466,1.59524,1.50,2.33
2011.02.15 20:10:07.371,1.59458,1.59516,1.65,1.50
2011.02.15 20:10:07.480,1.59458,1.59516,1.58,1.50
2011.02.15 20:10:08.511,1.59458,1.59516,1.95,1.50
2011.02.15 20:10:11.613,1.59458,1.59516,2.03,1.50
2011.02.15 20:10:16.242,1.59458,1.59516,1.88,1.50
2011.02.15 20:10:16.461,1.59466,1.59524,1.50,2.03
2011.02.15 20:10:17.613,1.59466,1.59524,1.58,1.88
2011.02.15 20:10:20.171,1.59466,1.59524,2.03,1.50
2011.02.15 20:10:20.914,1.59466,1.59524,1.95,1.50
2011.02.15 20:10:21.903,1.59466,1.59524,2.18,1.50
2011.02.15 20:10:24.730,1.59466,1.59524,2.18,1.50
2011.02.15 20:10:24.841,1.59466,1.59524,2.03,1.50
2011.02.15 20:10:25.374,1.59466,1.59524,2.03,1.50
2011.02.15 20:10:27.512,1.59471,1.59524,1.02,1.50
2011.02.15 20:10:27.732,1.59483,1.59539,1.50,1.58
2011.02.15 20:10:28.394,1.59483,1.59539,1.50,1.50
2011.02.15 20:10:31.693,1.59483,1.59539,1.65,1.50
2011.02.15 20:10:41.782,1.59483,1.59539,1.58,1.50
2011.02.15 20:10:42.215,1.59483,1.59539,1.50,1.50
2011.02.15 20:10:43.676,1.59483,1.59539,1.58,1.58
2011.02.15 20:10:44.003,1.59483,1.59539,1.58,1.50
2011.02.15 20:10:44.112,1.59483,1.59539,1.65,1.50
2011.02.15 20:10:44.222,1.59483,1.59539,1.50,1.50
2011.02.15 20:10:47.202,1.59483,1.59539,1.58,1.58
2011.02.15 20:10:59.382,1.59482,1.5954,1.80,1.50
2011.02.15 20:11:02.452,1.59489,1.59549,1.50,2.44
2011.02.15 20:11:02.984,1.59483,1.59539,1.65,1.50
2011.02.15 20:11:03.751,1.59483,1.59539,1.50,1.50
2011.02.15 20:11:05.577,1.59483,1.59539,1.65,1.50
2011.02.15 20:11:06.592,1.59483,1.59539,1.50,1.50
2011.02.15 20:11:08.654,1.59483,1.59539,1.58,1.50
2011.02.15 20:11:11.972,1.59483,1.59539,1.50,1.50
2011.02.15 20:11:22.711,1.59488,1.59544,1.50,1.58
2011.02.15 20:11:23.475,1.59488,1.59544,1.50,1.50
2011.02.15 20:11:24.122,1.59482,1.5954,1.58,1.50
2011.02.15 20:11:24.973,1.59482,1.5954,1.65,1.50
2011.02.15 20:11:25.513,1.59482,1.5954,1.65,2.25
2011.02.15 20:11:26.194,1.59482,1.5954,1.65,1.50
2011.02.15 20:11:37.012,1.59482,1.5954,1.73,1.50
2011.02.15 20:11:37.122,1.5949,1.59548,1.58,1.88
2011.02.15 20:11:37.976,1.5949,1.59545,1.58,1.13
2011.02.15 20:11:40.932,1.5949,1.59547,1.50,1.50
2011.02.15 20:11:41.262,1.59483,1.59539,2.33,1.50
2011.02.15 20:11:43.653,1.59483,1.59539,2.40,1.50
2011.02.15 20:11:43.763,1.59483,1.59539,2.33,1.50
2011.02.15 20:11:43.871,1.59487,1.59545,1.95,1.50
2011.02.15 20:11:44.531,1.59482,1.5954,2.40,1.50
2011.02.15 20:11:48.651,1.59482,1.5954,2.03,1.50
2011.02.15 20:11:56.962,1.59482,1.5954,2.10,1.50
2011.02.15 20:11:57.073,1.59489,1.59544,1.58,1.13
2011.02.15 20:12:11.730,1.59489,1.59549,1.58,1.88
2011.02.15 20:12:12.283,1.59489,1.59546,1.58,1.13
2011.02.15 20:12:16.906,1.59489,1.59546,1.58,1.13
2011.02.15 20:12:24.722,1.5949,1.59551,2.14,1.50
2011.02.15 20:12:25.846,1.59489,1.59551,2.14,1.50
2011.02.15 20:12:46.412,1.59489,1.59559,2.37,2.44
2011.02.15 20:12:46.742,1.59506,1.59566,1.69,1.88
2011.02.15 20:12:49.465,1.59505,1.59566,1.77,1.13
2011.02.15 20:12:53.425,1.59505,1.59566,1.69,1.13
2011.02.15 20:12:53.533,1.59504,1.5956,1.69,1.50
2011.02.15 20:12:56.012,1.59504,1.5956,1.69,1.58
2011.02.15 20:12:56.757,1.59489,1.59559,2.33,1.58
2011.02.15 20:12:58.376,1.59489,1.59559,2.33,1.95
2011.02.15 20:13:48.435,1.59489,1.59559,1.95,2.33
2011.02.15 20:13:48.764,1.59489,1.59559,1.88,2.40
2011.02.15 20:13:48.982,1.59487,1.59545,2.22,1.50
2011.02.15 20:13:50.792,1.59484,1.59539,1.02,1.50
2011.02.15 20:13:54.292,1.59487,1.59545,2.03,1.50
2011.02.15 20:13:55.472,1.59482,1.5954,2.55,1.50
2011.02.15 20:13:56.542,1.59482,1.5954,2.48,1.50
2011.02.15 20:13:56.652,1.59489,1.59549,1.95,2.44
2011.02.15 20:13:58.642,1.59489,1.59549,1.58,2.82
2011.02.15 20:13:59.303,1.59489,1.59549,1.69,1.13
2011.02.15 20:13:59.743,1.59489,1.59554,1.84,1.50
2011.02.15 20:14:00.262,1.59499,1.59558,1.50,1.50
2011.02.15 20:14:03.439,1.59499,1.59562,1.88,1.77
2011.02.15 20:14:04.434,1.59499,1.59562,2.07,1.50
2011.02.15 20:14:04.764,1.59513,1.59562,1.50,1.50
2011.02.15 20:14:04.872,1.59504,1.59562,1.62,1.50
2011.02.15 20:14:06.682,1.59498,1.59552,1.47,1.50
2011.02.15 20:14:06.793,1.59496,1.59552,2.40,1.50
2011.02.15 20:14:06.902,1.595,1.59561,1.95,1.50
2011.02.15 20:14:07.013,1.595,1.59561,2.52,1.50
2011.02.15 20:14:07.418,1.59513,1.59562,1.50,1.50
2011.02.15 20:14:10.673,1.59513,1.59561,1.65,1.50
2011.02.15 20:14:10.940,1.59513,1.59561,1.50,1.50
2011.02.15 20:14:12.961,1.59513,1.59567,1.50,1.77
2011.02.15 20:14:13.182,1.59493,1.59531,1.58,1.50
2011.02.15 20:14:13.403,1.59493,1.59531,1.65,1.50
2011.02.15 20:14:13.993,1.59494,1.59542,1.50,1.50
2011.02.15 20:14:14.432,1.59488,1.59541,2.14,1.50
2011.02.15 20:14:15.184,1.59488,1.59542,2.07,1.50
2011.02.15 20:14:15.992,1.59494,1.59542,1.50,1.50
2011.02.15 20:14:16.857,1.59488,1.59541,2.22,1.50
2011.02.15 20:14:17.412,1.59494,1.59541,1.50,1.50
2011.02.15 20:14:19.659,1.59494,1.59541,1.65,1.50
2011.02.15 20:14:20.653,1.59494,1.59541,1.50,1.50
2011.02.15 20:14:25.682,1.59482,1.59541,1.77,1.50
2011.02.15 20:14:41.475,1.59482,1.59542,1.09,1.13
2011.02.15 20:14:41.741,1.59482,1.59549,1.09,3.08
2011.02.15 20:14:48.947,1.59482,1.59543,1.09,1.13
2011.02.15 20:14:57.301,1.59482,1.59543,1.09,1.13
2011.02.15 20:14:57.525,1.59482,1.59548,1.02,2.33
2011.02.15 20:14:58.406,1.59482,1.59543,1.02,1.13
2011.02.15 20:14:58.734,1.59482,1.59548,1.02,2.33
2011.02.15 20:14:59.437,1.59489,1.59558,2.44,1.13
2011.02.15 20:15:01.654,1.59489,1.59558,2.59,1.13
2011.02.15 20:15:02.301,1.59499,1.59558,1.50,1.13
2011.02.15 20:15:02.852,1.595,1.59558,1.50,1.13
2011.02.15 20:15:11.518,1.5949,1.59558,2.22,2.78
2011.02.15 20:15:14.655,1.5949,1.59558,2.03,2.63
2011.02.15 20:15:15.832,1.5949,1.59558,1.95,1.13
2011.02.15 20:15:16.162,1.59499,1.59558,1.50,1.13
2011.02.15 20:15:20.072,1.59496,1.59556,1.88,1.50
2011.02.15 20:15:20.733,1.5949,1.59557,2.33,1.50
2011.02.15 20:15:22.165,1.5949,1.59557,2.33,1.65
2011.02.15 20:15:26.014,1.59489,1.59549,2.33,1.50
2011.02.15 20:15:27.621,1.59489,1.59549,2.25,1.58
2011.02.15 20:15:29.612,1.59489,1.59549,2.33,1.50
2011.02.15 20:15:33.172,1.59489,1.59549,1.95,1.50
2011.02.15 20:15:40.481,1.59489,1.59549,1.88,1.58
2011.02.15 20:15:40.593,1.59489,1.59549,2.03,1.50
2011.02.15 20:15:48.372,1.5949,1.59548,2.03,1.50
2011.02.15 20:15:52.783,1.5949,1.59548,1.88,1.69
2011.02.15 20:15:54.318,1.59482,1.5954,2.40,1.50
2011.02.15 20:15:59.433,1.59482,1.5954,2.48,1.50
2011.02.15 20:15:59.653,1.5949,1.59547,1.58,1.62
2011.02.15 20:16:07.883,1.59489,1.59549,1.69,1.88
2011.02.15 20:16:08.102,1.5949,1.59558,2.44,2.33
2011.02.15 20:16:08.322,1.595,1.59561,1.50,1.32
2011.02.15 20:16:08.872,1.59499,1.59559,1.50,2.44
2011.02.15 20:16:09.693,1.59499,1.59559,1.50,2.44
2011.02.15 20:16:10.207,1.59499,1.59559,1.50,2.44
2011.02.15 20:16:11.245,1.59499,1.59559,1.58,2.44
2011.02.15 20:16:12.482,1.59499,1.59559,1.58,2.44
2011.02.15 20:16:15.002,1.59496,1.59552,2.03,1.50
2011.02.15 20:16:15.331,1.595,1.59558,1.95,2.25
2011.02.15 20:16:25.323,1.59505,1.59561,2.25,1.69
2011.02.15 20:16:26.983,1.59509,1.59569,1.88,3.00
2011.02.15 20:16:27.343,1.59509,1.59561,1.88,1.50
2011.02.15 20:16:27.755,1.59509,1.59564,1.88,1.50
2011.02.15 20:16:27.973,1.59509,1.59569,1.88,2.25
2011.02.15 20:16:29.733,1.59509,1.59569,2.03,2.25
2011.02.15 20:16:30.071,1.59509,1.59569,2.03,3.00
2011.02.15 20:16:30.494,1.59509,1.59561,1.88,1.50
2011.02.15 20:16:31.232,1.59509,1.59561,1.95,1.50
2011.02.15 20:16:42.252,1.59509,1.59561,1.95,1.50
2011.02.15 20:16:42.725,1.59509,1.59569,2.03,2.40
2011.02.15 20:16:42.835,1.59508,1.59563,1.05,1.50
2011.02.15 20:16:44.872,1.5951,1.59568,1.88,1.58
2011.02.15 20:16:46.624,1.5951,1.59568,2.03,1.50
2011.02.15 20:16:46.884,1.5951,1.59568,1.95,1.58
2011.02.15 20:16:48.662,1.5951,1.59568,2.03,1.50
2011.02.15 20:16:50.953,1.5951,1.59568,1.95,1.58
2011.02.15 20:16:54.728,1.5951,1.59568,2.03,1.50
2011.02.15 20:16:54.943,1.5951,1.59562,1.95,1.50
2011.02.15 20:16:55.382,1.5951,1.59568,1.95,2.33
2011.02.15 20:16:55.492,1.5951,1.59568,1.95,1.58
2011.02.15 20:16:55.870,1.5951,1.59568,1.95,2.33
2011.02.15 20:16:57.306,1.5951,1.59564,1.95,1.50
2011.02.15 20:16:57.569,1.5951,1.59567,1.95,1.58
2011.02.15 20:16:58.591,1.5951,1.59567,2.33,1.58
2011.02.15 20:17:06.243,1.5951,1.59568,2.33,2.25
2011.02.15 20:17:06.352,1.59518,1.59569,1.50,1.50
2011.02.15 20:17:06.462,1.59518,1.59572,1.50,1.50
2011.02.15 20:17:08.343,1.59518,1.59576,2.33,2.44
2011.02.15 20:17:08.453,1.59518,1.59576,3.27,1.50
2011.02.15 20:17:08.673,1.59534,1.59592,2.25,1.50
2011.02.15 20:17:09.254,1.59534,1.59592,2.25,2.25
2011.02.15 20:17:10.425,1.59534,1.59592,2.25,1.58
2011.02.15 20:17:12.582,1.59539,1.59597,1.88,1.69
2011.02.15 20:17:17.162,1.59545,1.59601,1.50,2.33
2011.02.15 20:17:17.382,1.5954,1.59596,1.88,1.50
2011.02.15 20:17:18.593,1.5954,1.59596,2.25,1.50
2011.02.15 20:17:28.662,1.5954,1.59596,1.88,1.50
2011.02.15 20:17:34.523,1.59541,1.59601,1.88,1.50
2011.02.15 20:17:34.743,1.5954,1.59596,1.95,1.50
2011.02.15 20:17:34.852,1.59542,1.59602,1.95,1.50
2011.02.15 20:17:40.144,1.59542,1.59602,1.95,1.50
2011.02.15 20:17:41.226,1.59542,1.59601,2.03,1.50
2011.02.15 20:17:50.684,1.59542,1.59602,1.95,1.50
2011.02.15 20:18:01.046,1.59551,1.59602,1.50,1.50
2011.02.15 20:18:01.482,1.59544,1.59602,1.88,3.00
2011.02.15 20:18:02.236,1.59544,1.59602,1.95,3.08
2011.02.15 20:18:04.694,1.59544,1.59602,1.95,3.08
2011.02.15 20:18:07.884,1.59544,1.59602,2.03,3.00
2011.02.15 20:18:07.992,1.59542,1.59596,1.05,1.50
2011.02.15 20:18:08.433,1.59544,1.59602,1.95,1.58
2011.02.15 20:18:08.875,1.59545,1.59601,1.88,2.40
2011.02.15 20:18:08.984,1.59545,1.59601,1.95,3.00
2011.02.15 20:18:09.093,1.59539,1.59597,2.40,1.50
2011.02.15 20:18:09.312,1.59545,1.59601,1.95,3.00
2011.02.15 20:18:10.069,1.59545,1.59601,1.95,3.08
2011.02.15 20:18:11.256,1.59545,1.59601,1.95,3.08
2011.02.15 20:18:17.552,1.59534,1.59592,2.48,1.50
2011.02.15 20:18:19.188,1.59534,1.59592,3.15,1.50
2011.02.15 20:18:21.657,1.5954,1.59596,2.33,1.50
2011.02.15 20:18:24.156,1.59534,1.59592,2.40,1.50
2011.02.15 20:18:27.329,1.59535,1.59591,2.40,1.50
2011.02.15 20:18:28.702,1.59535,1.59591,2.40,1.50
2011.02.15 20:18:36.493,1.59535,1.59591,2.40,1.50
2011.02.15 20:18:36.922,1.59535,1.59591,2.40,2.25
2011.02.15 20:18:38.473,1.59535,1.59587,2.03,1.50
2011.02.15 20:18:39.126,1.5954,1.59586,1.50,1.50
2011.02.15 20:18:39.647,1.59534,1.59586,2.40,1.50
2011.02.15 20:18:44.713,1.59535,1.59586,1.95,1.50
2011.02.15 20:18:51.186,1.59535,1.59587,1.95,1.50
2011.02.15 20:19:09.515,1.59535,1.59591,1.95,1.50
2011.02.15 20:19:10.062,1.5954,1.59596,1.50,1.58
2011.02.15 20:19:10.173,1.5954,1.59596,1.58,1.50
2011.02.15 20:19:10.297,1.5954,1.59596,1.50,1.58
2011.02.15 20:19:12.452,1.59534,1.59592,2.33,1.50
2011.02.15 20:19:13.119,1.59535,1.59591,1.88,1.50
2011.02.15 20:19:13.642,1.59534,1.59592,2.25,1.58
2011.02.15 20:19:14.932,1.5954,1.59596,1.50,3.08
2011.02.15 20:19:15.675,1.59535,1.59591,1.88,1.50
2011.02.15 20:19:18.608,1.59535,1.59591,2.33,1.50
2011.02.15 20:19:23.352,1.5954,1.59596,1.88,3.08
2011.02.15 20:19:24.644,1.59535,1.59591,2.33,1.50
2011.02.15 20:19:28.689,1.59535,1.59591,2.33,1.50
2011.02.15 20:19:31.725,1.59535,1.59591,2.33,2.25
2011.02.15 20:19:32.364,1.59535,1.59591,2.25,2.25
2011.02.15 20:19:33.269,1.5953,1.59586,2.33,1.50
2011.02.15 20:19:35.841,1.59522,1.59584,2.55,1.50
2011.02.15 20:19:36.063,1.5953,1.59586,2.25,1.50
2011.02.15 20:19:38.721,1.5953,1.59586,1.88,1.50
2011.02.15 20:19:45.137,1.59524,1.59577,1.58,1.50
2011.02.15 20:19:48.452,1.59527,1.59581,1.58,1.50
2011.02.15 20:19:48.660,1.59525,1.59581,2.70,1.50
2011.02.15 20:19:50.134,1.59525,1.59581,2.78,1.50
2011.02.15 20:19:56.503,1.59525,1.59581,2.03,2.25
2011.02.15 20:19:56.869,1.59525,1.59581,1.88,2.25
2011.02.15 20:19:56.983,1.59519,1.59577,2.33,1.50
2011.02.15 20:19:58.590,1.59519,1.59577,1.88,1.58
2011.02.15 20:20:01.391,1.59535,1.59581,1.50,1.50
2011.02.15 20:20:01.722,1.59535,1.59592,1.88,1.77
2011.02.15 20:20:03.193,1.59531,1.59587,2.25,1.50
2011.02.15 20:20:03.413,1.59536,1.59592,1.88,1.50
2011.02.15 20:20:05.604,1.59536,1.59592,2.03,1.50
2011.02.15 20:20:08.512,1.59536,1.59592,2.03,1.50
2011.02.15 20:20:09.932,1.59536,1.59592,1.88,1.65
2011.02.15 20:20:11.385,1.59536,1.59592,1.95,1.50
2011.02.15 20:20:13.782,1.5953,1.59588,2.40,1.50
2011.02.15 20:20:19.654,1.59532,1.59588,1.05,1.50
2011.02.15 20:20:20.192,1.5953,1.59588,2.40,1.50
2011.02.15 20:20:23.992,1.59535,1.59593,1.95,1.50
2011.02.15 20:20:27.222,1.59541,1.59597,1.50,1.50
2011.02.15 20:20:28.613,1.59541,1.59597,1.58,1.50
2011.02.15 20:20:38.799,1.59541,1.59597,1.95,1.50
2011.02.15 20:20:43.685,1.59541,1.59597,1.95,2.25
2011.02.15 20:20:45.146,1.59541,1.59596,1.95,1.50
2011.02.15 20:20:49.672,1.59541,1.59592,1.95,1.50
2011.02.15 20:20:50.468,1.59541,1.59592,1.95,1.50
2011.02.15 20:20:51.340,1.59541,1.59597,1.95,3.00
2011.02.15 20:20:57.458,1.5954,1.59598,1.95,2.33
2011.02.15 20:20:58.996,1.5954,1.59596,1.95,1.50
2011.02.15 20:21:17.133,1.59549,1.59597,2.18,1.50
2011.02.15 20:21:19.594,1.59548,1.59607,1.09,2.40
2011.02.15 20:21:20.130,1.59548,1.59597,1.09,1.50
2011.02.15 20:21:29.833,1.59551,1.59606,1.50,1.50
2011.02.15 20:21:30.163,1.59554,1.5962,1.88,1.20
2011.02.15 20:21:30.272,1.59554,1.59622,1.88,1.95
2011.02.15 20:21:30.778,1.59554,1.5962,1.88,1.20
2011.02.15 20:21:34.733,1.59554,1.59622,1.88,1.95
2011.02.15 20:21:35.624,1.59554,1.59622,1.88,1.95
2011.02.15 20:21:35.843,1.59554,1.5962,1.88,1.13
2011.02.15 20:21:36.674,1.59551,1.59609,2.44,1.50
2011.02.15 20:21:38.892,1.59552,1.59609,1.02,1.50
2011.02.15 20:21:42.024,1.59551,1.59609,2.44,1.58
2011.02.15 20:21:42.353,1.59541,1.59599,3.15,1.50
2011.02.15 20:21:42.723,1.59547,1.59603,2.25,1.50
2011.02.15 20:21:44.646,1.59547,1.59603,2.33,1.58
2011.02.15 20:21:46.686,1.59547,1.59603,2.33,1.50
2011.02.15 20:21:47.012,1.59554,1.59612,1.88,1.58
2011.02.15 20:21:48.603,1.59554,1.59612,1.88,1.65
2011.02.15 20:21:48.822,1.59554,1.59612,1.50,1.65
2011.02.15 20:21:52.204,1.59554,1.59612,1.50,1.58
2011.02.15 20:21:52.643,1.59547,1.59613,1.95,1.95
2011.02.15 20:21:52.753,1.59543,1.59613,2.40,2.03
2011.02.15 20:21:54.717,1.59543,1.59613,2.55,2.33
2011.02.15 20:21:55.613,1.59544,1.59613,1.05,2.18
2011.02.15 20:21:57.966,1.59543,1.59613,2.33,2.03
2011.02.15 20:21:58.672,1.59554,1.59612,1.50,1.58
2011.02.15 20:22:02.064,1.59554,1.59612,1.50,1.58
2011.02.15 20:22:03.402,1.59554,1.59612,1.50,1.65
2011.02.15 20:22:03.826,1.59554,1.59612,1.50,1.50
2011.02.15 20:22:03.932,1.59547,1.59612,2.25,1.50
2011.02.15 20:22:04.262,1.59544,1.59612,2.33,1.58
2011.02.15 20:22:05.712,1.59553,1.59613,1.50,1.65
2011.02.15 20:22:06.635,1.59553,1.59613,1.50,1.80
2011.02.15 20:22:07.476,1.59553,1.59613,1.50,1.80
2011.02.15 20:22:08.600,1.59553,1.59613,1.50,1.65
2011.02.15 20:22:13.493,1.59549,1.59607,1.88,1.58
2011.02.15 20:22:13.823,1.59543,1.59603,2.25,1.50
2011.02.15 20:22:14.154,1.59543,1.59601,2.25,1.50
2011.02.15 20:22:14.484,1.59535,1.59593,2.25,1.50
2011.02.15 20:22:14.594,1.59535,1.59593,1.50,1.50
2011.02.15 20:22:15.095,1.59534,1.59594,1.88,1.50
2011.02.15 20:22:15.446,1.59534,1.59594,1.88,1.58
2011.02.15 20:22:15.664,1.59534,1.59594,1.88,1.50
2011.02.15 20:22:17.204,1.59534,1.59594,1.88,1.58
2011.02.15 20:22:17.924,1.59534,1.59594,1.88,1.58
2011.02.15 20:22:21.437,1.59534,1.59594,1.88,1.50
2011.02.15 20:22:22.238,1.59534,1.59594,1.88,1.58
2011.02.15 20:22:28.863,1.59534,1.59594,1.50,1.95
2011.02.15 20:22:31.734,1.59534,1.59594,1.58,1.95
2011.02.15 20:22:33.504,1.5954,1.59596,1.50,2.25
2011.02.15 20:22:34.375,1.59533,1.59594,1.58,1.88
2011.02.15 20:22:34.813,1.59543,1.59603,1.50,2.59
2011.02.15 20:22:36.653,1.5954,1.59596,1.50,2.25
2011.02.15 20:22:37.444,1.5954,1.59596,1.58,2.25
2011.02.15 20:22:37.973,1.5954,1.59596,1.58,2.25
2011.02.15 20:22:38.793,1.5954,1.59596,1.58,1.50
2011.02.15 20:22:39.370,1.5954,1.59596,1.58,1.50
2011.02.15 20:22:42.412,1.59543,1.59602,1.58,1.09
2011.02.15 20:22:46.493,1.59543,1.59603,1.77,2.33
2011.02.15 20:22:46.713,1.59543,1.59603,2.07,1.58
2011.02.15 20:22:46.823,1.59553,1.59609,1.50,2.40
2011.02.15 20:22:47.043,1.59544,1.59602,2.07,1.50
2011.02.15 20:22:47.483,1.59553,1.59608,1.50,1.05
2011.02.15 20:22:47.982,1.59553,1.59609,1.50,1.73
2011.02.15 20:22:48.096,1.59541,1.59597,1.43,1.13
2011.02.15 20:22:48.204,1.59535,1.59597,1.77,1.13
2011.02.15 20:22:48.315,1.59535,1.59597,1.69,1.28
2011.02.15 20:22:48.424,1.59534,1.59594,1.69,1.50
2011.02.15 20:22:50.681,1.59534,1.59594,1.69,1.65
2011.02.15 20:22:51.974,1.59534,1.59594,1.69,2.25
2011.02.15 20:22:52.194,1.59531,1.59587,1.88,1.50
2011.02.15 20:22:52.304,1.59525,1.59583,2.25,1.50
2011.02.15 20:22:52.414,1.59525,1.59583,1.50,1.88
2011.02.15 20:22:55.712,1.59525,1.59582,1.50,1.95
2011.02.15 20:22:58.644,1.59525,1.59582,1.50,2.03
2011.02.15 20:23:00.175,1.59515,1.59582,1.39,3.38
2011.02.15 20:23:00.284,1.59515,1.59574,1.32,1.50
2011.02.15 20:23:00.615,1.59515,1.59574,1.32,1.58
2011.02.15 20:23:00.724,1.59515,1.59574,1.32,1.50
2011.02.15 20:23:00.957,1.59515,1.59581,2.82,1.50
2011.02.15 20:23:01.612,1.59515,1.59583,2.82,2.03
2011.02.15 20:23:01.835,1.59515,1.59573,2.82,1.58
2011.02.15 20:23:02.593,1.59515,1.59583,2.82,2.03
2011.02.15 20:23:02.930,1.59524,1.59588,1.50,1.02
2011.02.15 20:23:05.154,1.59524,1.59594,2.44,2.40
2011.02.15 20:23:05.372,1.59526,1.59598,2.07,2.33
2011.02.15 20:23:05.593,1.59541,1.59598,1.50,1.50
2011.02.15 20:23:07.413,1.59526,1.59601,2.37,1.50
2011.02.15 20:23:08.523,1.5953,1.59597,1.09,1.50
2011.02.15 20:23:10.003,1.59532,1.59601,1.09,1.88
2011.02.15 20:23:10.350,1.59541,1.59601,1.50,1.88
2011.02.15 20:23:11.214,1.5954,1.596,1.50,2.25
2011.02.15 20:23:11.983,1.5954,1.596,1.58,2.25
2011.02.15 20:23:12.885,1.5954,1.596,1.50,2.25
2011.02.15 20:23:13.212,1.59537,1.59593,1.95,1.50
2011.02.15 20:23:14.474,1.5954,1.596,1.50,2.25
2011.02.15 20:23:14.894,1.59537,1.59593,1.88,1.50
2011.02.15 20:23:15.268,1.59554,1.59601,1.50,1.88
2011.02.15 20:23:19.244,1.59554,1.59602,1.50,1.13
2011.02.15 20:23:19.576,1.59556,1.59611,3.30,1.50
2011.02.15 20:23:23.443,1.59556,1.59611,1.88,1.50
2011.02.15 20:23:26.157,1.59556,1.59612,1.95,1.50
2011.02.15 20:23:26.486,1.59555,1.59611,2.33,1.50
2011.02.15 20:23:28.534,1.59557,1.59611,1.95,1.50
2011.02.15 20:23:31.556,1.59547,1.59611,1.02,1.50
2011.02.15 20:23:32.141,1.59547,1.59612,1.02,1.50
2011.02.15 20:23:32.663,1.59547,1.59611,1.02,1.50
2011.02.15 20:23:34.723,1.59547,1.59612,1.02,1.50
2011.02.15 20:23:37.363,1.59543,1.59612,1.02,1.50
2011.02.15 20:23:42.696,1.5954,1.59611,2.33,1.50
2011.02.15 20:23:48.784,1.59535,1.59612,1.05,1.50
2011.02.15 20:23:49.386,1.59532,1.59612,1.17,1.65
2011.02.15 20:23:51.056,1.59532,1.59612,1.09,1.73
2011.02.15 20:23:51.436,1.59532,1.59611,1.17,1.58
2011.02.15 20:23:55.794,1.59532,1.59611,1.09,1.65
2011.02.15 20:23:56.124,1.59532,1.59611,1.17,1.58
2011.02.15 20:24:04.347,1.59535,1.59613,1.65,1.28
2011.02.15 20:24:04.564,1.59535,1.59618,3.15,1.84
2011.02.15 20:24:04.784,1.59544,1.59612,1.50,1.50
2011.02.15 20:24:06.898,1.59557,1.59615,1.50,1.88
2011.02.15 20:24:07.224,1.5955,1.59613,3.12,1.58
2011.02.15 20:24:07.445,1.5955,1.59613,1.77,1.50
2011.02.15 20:24:07.855,1.5956,1.59621,1.50,1.50
2011.02.15 20:24:11.314,1.59551,1.59621,2.59,1.50
2011.02.15 20:24:11.617,1.59551,1.59622,2.59,1.50
2011.02.15 20:24:15.576,1.59551,1.59616,2.44,1.50
2011.02.15 20:24:16.190,1.59551,1.59612,2.44,1.58
2011.02.15 20:24:16.744,1.59551,1.59617,2.44,1.65
2011.02.15 20:24:18.584,1.59551,1.59616,2.07,1.58
2011.02.15 20:24:34.974,1.59551,1.59612,1.77,1.13
2011.02.15 20:24:35.084,1.59551,1.59612,1.69,1.20
2011.02.15 20:24:35.304,1.59548,1.59604,1.99,1.50
2011.02.15 20:24:35.899,1.59546,1.59604,1.88,1.50
2011.02.15 20:24:36.226,1.5955,1.59612,1.88,2.07
2011.02.15 20:24:36.335,1.5955,1.59612,1.88,2.07
2011.02.15 20:24:49.135,1.59544,1.59612,1.02,1.32
2011.02.15 20:24:52.593,1.59545,1.59612,1.02,1.13
2011.02.15 20:24:52.814,1.59556,1.5962,1.50,2.33
2011.02.15 20:24:53.035,1.59547,1.59619,2.07,2.33
2011.02.15 20:24:54.473,1.59557,1.59619,1.50,2.33
2011.02.15 20:24:54.694,1.59548,1.5962,2.44,1.58
2011.02.15 20:24:54.804,1.59548,1.5962,1.02,1.65
2011.02.15 20:24:55.924,1.59557,1.59619,1.88,1.65
2011.02.15 20:24:56.254,1.59557,1.59619,1.88,1.65
2011.02.15 20:24:56.475,1.59548,1.59619,1.02,1.50
2011.02.15 20:24:56.584,1.59556,1.59623,3.68,1.13
2011.02.15 20:24:58.789,1.59557,1.59619,1.88,1.50
2011.02.15 20:24:59.114,1.59547,1.5962,2.44,1.58
2011.02.15 20:25:00.536,1.59548,1.5962,1.02,1.50
2011.02.15 20:25:00.709,1.59548,1.5962,1.02,1.58
2011.02.15 20:25:01.280,1.59547,1.5962,1.02,1.65
2011.02.15 20:25:02.627,1.59548,1.5962,1.09,1.58
2011.02.15 20:25:03.064,1.59548,1.5962,1.02,1.65
2011.02.15 20:25:06.435,1.59547,1.5962,1.02,2.33
2011.02.15 20:25:06.544,1.59542,1.5961,1.02,1.50
2011.02.15 20:25:06.764,1.59542,1.59616,1.02,1.50
2011.02.15 20:25:07.316,1.59542,1.59611,1.02,1.43
2011.02.15 20:25:08.956,1.59543,1.59611,1.02,1.43
2011.02.15 20:25:13.774,1.59543,1.59611,1.02,1.50
2011.02.15 20:25:13.888,1.59543,1.59611,1.02,1.43
2011.02.15 20:25:18.431,1.59543,1.59611,1.02,2.93
2011.02.15 20:25:18.925,1.59545,1.59611,1.02,2.93
2011.02.15 20:25:19.051,1.59545,1.59611,1.02,2.18
2011.02.15 20:25:20.234,1.59543,1.59609,1.02,1.58
2011.02.15 20:25:21.834,1.59543,1.59609,1.02,1.50
2011.02.15 20:25:21.944,1.59555,1.59611,1.50,1.50
2011.02.15 20:25:22.955,1.59555,1.59611,1.50,1.58
2011.02.15 20:25:23.064,1.59555,1.59611,1.50,1.50
2011.02.15 20:25:24.115,1.59555,1.59609,1.50,1.43
2011.02.15 20:25:24.226,1.59555,1.59611,1.50,2.93
2011.02.15 20:25:24.335,1.59555,1.59611,1.50,3.68
2011.02.15 20:25:24.726,1.59549,1.59607,1.88,1.50
2011.02.15 20:25:24.945,1.59544,1.59602,1.50,1.50
2011.02.15 20:25:27.232,1.59544,1.59602,1.50,1.65
2011.02.15 20:25:28.003,1.59544,1.59602,1.50,1.50
2011.02.15 20:25:28.123,1.59539,1.59597,1.58,1.50
2011.02.15 20:25:29.408,1.59539,1.59597,1.88,1.50
2011.02.15 20:25:31.136,1.59535,1.59592,1.09,1.50
2011.02.15 20:25:34.184,1.59537,1.59599,2.22,1.50
2011.02.15 20:25:34.404,1.59537,1.59603,2.14,1.13
2011.02.15 20:25:35.604,1.59537,1.59602,3.57,1.13
2011.02.15 20:25:35.934,1.59536,1.59597,3.49,1.50
2011.02.15 20:25:36.855,1.59537,1.59595,2.07,2.25
2011.02.15 20:25:37.303,1.59537,1.59592,2.14,1.50
2011.02.15 20:25:38.864,1.59537,1.59591,1.69,1.50
2011.02.15 20:25:42.361,1.59537,1.59591,1.50,1.50
2011.02.15 20:25:42.617,1.59533,1.59589,1.95,2.25
2011.02.15 20:25:42.836,1.59533,1.59589,1.95,3.00
2011.02.15 20:25:43.165,1.59533,1.59586,1.95,1.50
2011.02.15 20:25:46.035,1.59527,1.59586,2.44,3.00
2011.02.15 20:25:46.562,1.59526,1.59586,1.69,1.88
2011.02.15 20:25:46.786,1.59517,1.59585,1.95,1.88
2011.02.15 20:25:48.165,1.59516,1.59576,2.07,1.50
2011.02.15 20:25:48.824,1.59516,1.59576,1.69,1.88
2011.02.15 20:25:50.244,1.59516,1.59576,1.77,1.88
2011.02.15 20:25:50.464,1.59516,1.59576,1.69,1.95
2011.02.15 20:25:50.863,1.59516,1.59576,2.44,1.95
2011.02.15 20:25:50.975,1.59516,1.59576,2.52,1.88
2011.02.15 20:25:51.417,1.59528,1.59576,1.50,1.88
2011.02.15 20:25:52.171,1.59528,1.59576,1.50,1.88
2011.02.15 20:25:52.395,1.59528,1.59583,1.50,1.58
2011.02.15 20:25:53.104,1.59528,1.59583,1.50,1.50
2011.02.15 20:25:53.214,1.59531,1.59587,1.50,2.25
2011.02.15 20:25:54.656,1.59531,1.59587,1.58,2.25
2011.02.15 20:25:54.979,1.59531,1.59587,1.50,2.40
2011.02.15 20:25:55.104,1.59531,1.59587,1.50,2.25
2011.02.15 20:25:55.715,1.59536,1.59592,1.50,2.40
2011.02.15 20:25:55.935,1.59527,1.59585,1.69,1.58
2011.02.15 20:25:56.044,1.59527,1.59585,1.69,1.50
2011.02.15 20:25:56.265,1.59527,1.59594,1.69,2.25
2011.02.15 20:25:56.705,1.59527,1.59592,1.50,1.02
2011.02.15 20:25:56.815,1.59525,1.59579,1.80,1.50
2011.02.15 20:25:57.035,1.59527,1.59587,1.69,1.13
2011.02.15 20:25:57.986,1.59527,1.59587,1.69,1.13
2011.02.15 20:25:59.026,1.59527,1.59595,1.69,2.33
2011.02.15 20:26:00.887,1.59527,1.59595,1.77,2.25
2011.02.15 20:26:01.215,1.59541,1.59597,1.50,1.58
2011.02.15 20:26:03.495,1.59535,1.59593,1.88,1.50
2011.02.15 20:26:04.074,1.59535,1.59593,1.95,1.50
2011.02.15 20:26:04.662,1.59535,1.59593,1.88,1.50
2011.02.15 20:26:05.195,1.59535,1.59593,1.95,1.50
2011.02.15 20:26:06.668,1.59535,1.59593,2.03,1.50
2011.02.15 20:26:07.037,1.59535,1.59593,1.95,1.50
2011.02.15 20:26:07.879,1.59535,1.59593,1.88,1.50
2011.02.15 20:26:08.315,1.59535,1.59591,1.88,1.50
2011.02.15 20:26:09.303,1.59535,1.59593,1.88,1.58
2011.02.15 20:26:09.866,1.59535,1.59593,2.03,1.50
2011.02.15 20:26:10.194,1.59542,1.59596,1.77,1.50
2011.02.15 20:26:10.834,1.59542,1.596,1.77,1.13
2011.02.15 20:26:11.605,1.59542,1.596,1.77,1.13
2011.02.15 20:26:13.922,1.59542,1.596,3.19,1.13
2011.02.15 20:26:14.584,1.59542,1.59599,1.69,1.50
2011.02.15 20:26:14.694,1.59542,1.596,1.69,1.13
2011.02.15 20:26:14.928,1.59542,1.59599,1.69,1.50
2011.02.15 20:26:15.375,1.59542,1.596,1.77,1.13
2011.02.15 20:26:16.437,1.59542,1.59597,1.77,1.50
2011.02.15 20:26:16.985,1.59542,1.59596,1.69,1.50
2011.02.15 20:26:22.039,1.59542,1.596,2.07,1.58
2011.02.15 20:26:22.145,1.59542,1.59601,2.14,1.50
2011.02.15 20:26:25.154,1.59543,1.59602,1.32,3.00
2011.02.15 20:26:25.595,1.59548,1.59602,1.50,3.00
2011.02.15 20:26:29.475,1.59548,1.59602,1.50,3.15
2011.02.15 20:26:29.584,1.59548,1.59602,1.50,3.00
2011.02.15 20:26:30.127,1.59549,1.59601,1.50,1.50
2011.02.15 20:26:31.374,1.59548,1.59592,1.50,1.50
2011.02.15 20:26:32.285,1.59548,1.59592,1.50,1.50
2011.02.15 20:26:38.584,1.59557,1.59592,1.13,1.50
2011.02.15 20:26:38.695,1.59558,1.59601,1.13,1.50
2011.02.15 20:26:38.806,1.59558,1.59601,2.07,1.50
2011.02.15 20:26:39.134,1.59559,1.59617,1.69,1.50
2011.02.15 20:26:39.245,1.59563,1.59617,1.13,1.69
2011.02.15 20:26:39.466,1.59569,1.59616,1.50,1.69
2011.02.15 20:26:39.797,1.59573,1.59617,1.50,1.50
2011.02.15 20:26:41.128,1.59573,1.59607,1.50,1.50
2011.02.15 20:26:44.855,1.59568,1.59607,1.50,1.50
2011.02.15 20:26:47.546,1.59568,1.59616,1.50,1.58
2011.02.15 20:26:48.794,1.59568,1.59616,1.50,1.58
2011.02.15 20:26:49.975,1.59568,1.59616,1.50,2.25
2011.02.15 20:26:50.646,1.59563,1.59616,1.69,2.25
2011.02.15 20:26:51.417,1.59563,1.59616,1.69,2.33
2011.02.15 20:26:51.967,1.59563,1.59616,1.69,2.40
2011.02.15 20:26:52.574,1.59563,1.59616,1.69,2.33
2011.02.15 20:26:53.414,1.59563,1.59616,1.69,2.48
2011.02.15 20:26:53.861,1.59554,1.59608,1.50,1.65
2011.02.15 20:26:54.305,1.59553,1.59609,1.50,1.58
2011.02.15 20:26:57.821,1.59554,1.59609,1.50,1.65
2011.02.15 20:27:02.755,1.59559,1.59609,1.13,1.50
2011.02.15 20:27:02.975,1.59559,1.59612,1.13,1.50
2011.02.15 20:27:03.195,1.59563,1.59618,1.50,2.52
2011.02.15 20:27:04.036,1.59564,1.59618,1.50,2.52
2011.02.15 20:27:04.566,1.59564,1.59618,1.50,2.52
2011.02.15 20:27:05.367,1.59564,1.59618,1.50,2.59
2011.02.15 20:27:05.475,1.59564,1.59618,1.50,2.52
2011.02.15 20:27:07.305,1.59564,1.59618,1.50,2.59
2011.02.15 20:27:07.768,1.59564,1.59618,1.50,2.59
2011.02.15 20:27:10.685,1.59558,1.59611,1.50,1.50
2011.02.15 20:27:10.904,1.59564,1.59617,1.50,1.69
2011.02.15 20:27:12.045,1.59568,1.59628,2.44,1.58
2011.02.15 20:27:12.265,1.59573,1.59636,1.13,1.77
2011.02.15 20:27:12.821,1.59573,1.59633,1.13,1.02
2011.02.15 20:27:13.264,1.59573,1.59622,1.13,1.50
2011.02.15 20:27:13.814,1.59558,1.59621,1.50,1.50
2011.02.15 20:27:16.705,1.59569,1.59623,1.50,1.58
2011.02.15 20:27:17.285,1.59569,1.59618,1.50,1.50
2011.02.15 20:27:18.944,1.59569,1.59618,1.50,1.50
2011.02.15 20:27:22.246,1.59569,1.59627,3.08,1.50
2011.02.15 20:27:22.756,1.59568,1.59619,1.69,1.50
2011.02.15 20:27:27.865,1.59568,1.59619,1.50,1.77
2011.02.15 20:27:28.195,1.59563,1.59611,1.50,1.50
2011.02.15 20:27:28.944,1.59563,1.59611,1.50,1.50
2011.02.15 20:27:30.485,1.59579,1.59611,1.50,1.50
2011.02.15 20:27:30.706,1.59578,1.59631,1.50,2.33
2011.02.15 20:27:31.217,1.59573,1.59622,1.50,3.00
2011.02.15 20:27:31.435,1.59571,1.59622,1.13,1.58
2011.02.15 20:27:31.545,1.59563,1.59622,1.50,2.93
2011.02.15 20:27:31.656,1.59563,1.59613,1.50,1.43
2011.02.15 20:27:31.986,1.59558,1.59608,1.50,1.50
2011.02.15 20:27:32.577,1.59559,1.59613,1.50,1.43
2011.02.15 20:27:32.798,1.59563,1.59616,1.50,1.69
2011.02.15 20:27:34.128,1.59564,1.59616,1.50,1.77
2011.02.15 20:27:34.687,1.59564,1.59616,1.50,1.77
2011.02.15 20:27:35.616,1.59564,1.59616,1.50,1.77
2011.02.15 20:27:36.153,1.59564,1.59616,1.50,1.69
2011.02.15 20:27:37.587,1.59564,1.59616,1.50,1.77
2011.02.15 20:27:38.735,1.59563,1.59616,1.50,1.69
2011.02.15 20:27:38.845,1.59563,1.59616,1.50,1.50
2011.02.15 20:27:39.176,1.59564,1.59626,1.50,1.58
2011.02.15 20:27:41.835,1.59564,1.59626,1.50,1.58
2011.02.15 20:27:42.325,1.59564,1.59615,1.50,1.50
2011.02.15 20:27:42.873,1.59563,1.59627,1.50,1.77
2011.02.15 20:27:43.275,1.59563,1.59627,1.50,1.65
2011.02.15 20:27:44.256,1.59568,1.59632,1.50,1.65
2011.02.15 20:27:44.816,1.59569,1.59631,1.50,1.58
2011.02.15 20:27:45.908,1.59568,1.59632,1.50,1.50
2011.02.15 20:27:47.046,1.59568,1.59632,1.50,1.65
2011.02.15 20:27:48.205,1.59573,1.59632,1.50,1.65
2011.02.15 20:27:48.775,1.59574,1.59631,1.50,1.58
2011.02.15 20:27:49.728,1.59573,1.59627,1.50,1.50
2011.02.15 20:27:50.055,1.59568,1.59616,1.50,1.50
2011.02.15 20:27:50.606,1.59568,1.59625,1.50,2.33
2011.02.15 20:27:51.315,1.59569,1.59616,1.50,1.50
2011.02.15 20:27:52.155,1.59569,1.59625,1.50,1.58
2011.02.15 20:27:52.266,1.59569,1.59625,1.50,1.50
2011.02.15 20:27:52.375,1.59579,1.59631,1.50,1.65
2011.02.15 20:27:53.539,1.59579,1.59631,1.50,1.50
2011.02.15 20:27:54.062,1.59579,1.59631,1.50,1.50
2011.02.15 20:27:54.285,1.59569,1.59626,1.50,1.50
2011.02.15 20:27:55.205,1.59569,1.59626,1.50,1.58
2011.02.15 20:27:55.424,1.59568,1.59626,1.50,1.50
2011.02.15 20:27:55.987,1.59568,1.59632,1.50,1.65
2011.02.15 20:27:56.453,1.59568,1.59632,1.50,1.58
2011.02.15 20:27:57.655,1.59568,1.59632,1.50,1.58
2011.02.15 20:27:57.875,1.59568,1.59632,1.50,1.50
2011.02.15 20:27:58.425,1.59587,1.59631,2.25,1.50
2011.02.15 20:27:58.536,1.59587,1.59632,1.50,1.50
2011.02.15 20:27:58.645,1.59573,1.59627,1.50,1.50
2011.02.15 20:27:59.161,1.59569,1.59626,1.50,1.50
2011.02.15 20:28:02.549,1.59569,1.59626,1.50,1.58
2011.02.15 20:28:04.147,1.59569,1.59626,1.50,1.50
2011.02.15 20:28:04.364,1.59569,1.59626,1.50,1.50
2011.02.15 20:28:06.675,1.59573,1.59626,1.50,1.58
2011.02.15 20:28:08.216,1.59573,1.59626,1.50,1.50
2011.02.15 20:28:09.338,1.59574,1.59626,1.50,1.58
2011.02.15 20:28:09.667,1.59574,1.59626,1.50,1.50
2011.02.15 20:28:11.913,1.59573,1.59626,1.50,1.58
2011.02.15 20:28:12.464,1.59569,1.59625,1.50,1.58
2011.02.15 20:28:12.804,1.59568,1.59625,1.50,1.50
2011.02.15 20:28:13.919,1.59569,1.59625,1.50,1.58
2011.02.15 20:28:17.164,1.59568,1.59625,1.50,1.58
2011.02.15 20:28:18.945,1.59569,1.59625,1.50,1.50
2011.02.15 20:28:19.462,1.59568,1.59624,1.50,1.43
2011.02.15 20:28:19.975,1.59568,1.59624,1.50,1.58
2011.02.15 20:28:23.861,1.59568,1.59624,1.50,1.43
2011.02.15 20:28:24.455,1.59568,1.59625,1.50,1.50
2011.02.15 20:28:24.765,1.59568,1.59625,1.50,1.58
2011.02.15 20:28:28.985,1.59569,1.59626,1.50,1.58
2011.02.15 20:28:33.785,1.59573,1.59626,1.13,1.50
2011.02.15 20:28:34.006,1.59573,1.59628,1.13,1.65
2011.02.15 20:28:39.004,1.59573,1.59626,1.50,1.58
2011.02.15 20:28:39.957,1.59574,1.59626,1.50,1.58
2011.02.15 20:28:44.765,1.59574,1.59623,1.50,1.58
2011.02.15 20:28:44.876,1.59573,1.59623,1.50,1.50
2011.02.15 20:28:45.556,1.59563,1.59623,1.50,1.69
2011.02.15 20:28:45.775,1.59573,1.5961,1.50,1.50
2011.02.15 20:28:45.885,1.59573,1.59626,1.50,1.77
2011.02.15 20:28:46.656,1.59573,1.59626,1.50,1.77
2011.02.15 20:28:49.084,1.59574,1.59626,1.50,1.77
2011.02.15 20:28:51.275,1.59564,1.59617,1.50,1.50
2011.02.15 20:28:52.265,1.59564,1.59616,1.50,1.50
2011.02.15 20:28:58.972,1.59564,1.59616,1.50,1.50
2011.02.15 20:29:02.608,1.59559,1.59616,1.50,1.58
2011.02.15 20:29:08.147,1.59559,1.59616,1.50,1.50
2011.02.15 20:29:08.476,1.59559,1.59605,1.50,1.50
2011.02.15 20:29:09.053,1.59558,1.59605,1.50,1.50
2011.02.15 20:29:11.291,1.59558,1.59605,1.50,2.25
2011.02.15 20:29:11.517,1.59559,1.59575,1.50,1.50
2011.02.15 20:29:11.625,1.59559,1.5959,1.50,1.69
2011.02.15 20:29:11.738,1.59545,1.59587,1.50,1.43
2011.02.15 20:29:11.847,1.59545,1.59601,1.50,1.88
2011.02.15 20:29:12.064,1.59547,1.59603,1.50,1.13
2011.02.15 20:29:12.394,1.59553,1.59607,1.13,1.50
2011.02.15 20:29:12.836,1.59553,1.59601,1.13,1.50
2011.02.15 20:29:13.744,1.59553,1.59602,1.13,1.50
2011.02.15 20:29:14.656,1.59553,1.59601,1.13,1.50
2011.02.15 20:29:15.626,1.59553,1.59602,1.13,1.50
2011.02.15 20:29:15.735,1.59553,1.59606,1.13,2.33
2011.02.15 20:29:15.955,1.59553,1.59606,1.13,1.50
2011.02.15 20:29:17.197,1.59553,1.59606,1.13,1.50
2011.02.15 20:29:17.306,1.59553,1.59611,1.13,1.43
2011.02.15 20:29:17.890,1.59553,1.59615,1.13,1.77
2011.02.15 20:29:18.851,1.59553,1.59615,1.13,1.77
2011.02.15 20:29:19.074,1.59553,1.59615,1.50,1.77
2011.02.15 20:29:19.796,1.59554,1.59614,1.50,1.02
2011.02.15 20:29:20.242,1.59554,1.59606,1.50,1.50
2011.02.15 20:29:21.200,1.59554,1.59606,1.50,1.58
2011.02.15 20:29:22.087,1.59554,1.59606,1.50,1.50
2011.02.15 20:29:23.814,1.59548,1.59606,1.50,1.50
2011.02.15 20:29:25.434,1.59548,1.59606,1.50,1.58
2011.02.15 20:29:28.861,1.59548,1.59606,1.50,1.58
2011.02.15 20:29:38.824,1.59548,1.59606,1.50,1.58
2011.02.15 20:29:40.590,1.59548,1.59606,1.50,1.50
2011.02.15 20:29:41.356,1.59548,1.59606,1.50,1.58
2011.02.15 20:29:46.016,1.59543,1.59606,1.50,1.50
2011.02.15 20:29:46.165,1.59543,1.59606,1.50,2.25
2011.02.15 20:29:48.955,1.59543,1.59607,1.58,1.58
2011.02.15 20:29:58.001,1.59543,1.59607,1.58,1.58
2011.02.15 20:30:00.347,1.59543,1.59607,1.58,1.58
2011.02.15 20:30:01.674,1.5954,1.59602,1.02,1.50
2011.02.15 20:30:01.830,1.5954,1.59605,1.02,2.25
2011.02.15 20:30:02.155,1.5954,1.59601,1.02,1.50
2011.02.15 20:30:05.686,1.59537,1.59602,2.14,1.50
2011.02.15 20:30:07.428,1.59537,1.59601,2.37,1.50
2011.02.15 20:30:10.827,1.59536,1.59602,2.37,1.50
2011.02.15 20:30:11.364,1.59536,1.59602,2.22,1.50
2011.02.15 20:30:11.975,1.59536,1.59602,2.03,1.50
2011.02.15 20:30:14.205,1.59546,1.59602,1.50,1.50
2011.02.15 20:30:14.894,1.59547,1.59603,1.50,1.13
2011.02.15 20:30:15.006,1.59547,1.59603,1.50,1.13
2011.02.15 20:30:16.967,1.59547,1.59603,1.65,1.13
2011.02.15 20:30:19.240,1.59547,1.59603,1.65,1.13
2011.02.15 20:30:19.465,1.59546,1.59602,1.58,1.50
2011.02.15 20:30:19.684,1.59546,1.59602,1.80,1.50
2011.02.15 20:30:22.224,1.59546,1.59601,1.65,1.50
2011.02.15 20:30:22.485,1.59547,1.59601,1.65,1.50
2011.02.15 20:30:27.886,1.59546,1.59601,1.65,1.50
2011.02.15 20:30:28.105,1.59546,1.59604,1.65,1.13
2011.02.15 20:30:28.468,1.59546,1.59603,1.84,1.13
2011.02.15 20:30:28.793,1.59557,1.59611,1.50,1.50
2011.02.15 20:30:28.905,1.59557,1.59611,1.50,1.50
2011.02.15 20:30:30.088,1.59557,1.59611,1.58,1.50
2011.02.15 20:30:30.305,1.59563,1.59611,1.50,1.50
2011.02.15 20:30:31.134,1.59563,1.59612,1.50,1.88
2011.02.15 20:30:35.756,1.59563,1.59614,1.50,1.13
2011.02.15 20:30:35.867,1.59567,1.59614,1.50,1.13
2011.02.15 20:30:36.524,1.59556,1.5961,1.58,1.50
2011.02.15 20:30:37.216,1.59552,1.5961,1.99,2.25
2011.02.15 20:30:37.388,1.59552,1.5961,1.84,2.25
2011.02.15 20:30:37.714,1.59544,1.59602,2.40,1.50
2011.02.15 20:30:38.671,1.59544,1.59602,2.25,1.50
2011.02.15 20:30:38.785,1.59542,1.59593,1.02,1.50
2011.02.15 20:30:38.895,1.59537,1.59593,1.84,1.50
2011.02.15 20:30:39.535,1.59537,1.59593,1.84,1.50
2011.02.15 20:30:40.095,1.5954,1.596,1.77,1.88
2011.02.15 20:30:40.755,1.5954,1.596,1.77,1.88
2011.02.15 20:30:43.635,1.59546,1.59604,1.50,2.33
2011.02.15 20:30:44.096,1.5954,1.596,1.77,1.88
2011.02.15 20:30:44.641,1.59534,1.59599,1.32,1.88
2011.02.15 20:30:45.573,1.59531,1.59599,2.14,1.88
2011.02.15 20:30:46.637,1.59531,1.59599,2.22,2.03
2011.02.15 20:30:48.725,1.59531,1.59597,2.07,1.95
2011.02.15 20:30:49.055,1.59517,1.59573,2.33,1.50
2011.02.15 20:30:49.525,1.5952,1.59587,1.50,2.44
2011.02.15 20:30:50.675,1.5952,1.59587,1.58,2.44
2011.02.15 20:30:50.938,1.5952,1.59587,1.50,2.37
2011.02.15 20:30:51.047,1.5952,1.59587,1.69,2.18
2011.02.15 20:30:59.031,1.5952,1.5959,1.77,2.33
2011.02.15 20:31:02.405,1.5952,1.59585,1.77,1.13
2011.02.15 20:31:05.844,1.59531,1.59585,1.50,1.13
2011.02.15 20:31:06.175,1.59531,1.59587,1.50,1.88
2011.02.15 20:31:06.505,1.59531,1.59595,1.65,2.18
2011.02.15 20:31:06.836,1.5954,1.59595,1.50,1.50
2011.02.15 20:31:06.945,1.5954,1.59596,1.50,1.50
2011.02.15 20:31:07.276,1.59531,1.59597,2.44,1.58
2011.02.15 20:31:07.605,1.59532,1.59599,1.09,1.50
2011.02.15 20:31:07.714,1.59532,1.59603,1.09,1.95
2011.02.15 20:31:09.085,1.59533,1.59603,1.02,1.88
2011.02.15 20:31:09.525,1.5954,1.59605,1.50,2.25
2011.02.15 20:31:10.186,1.59541,1.59599,1.50,1.50
2011.02.15 20:31:10.295,1.59532,1.596,1.09,1.88
2011.02.15 20:31:22.225,1.5953,1.596,2.22,1.88
2011.02.15 20:31:23.965,1.5953,1.596,2.14,1.95
2011.02.15 20:31:25.198,1.5953,1.596,2.37,2.03
2011.02.15 20:31:25.319,1.5953,1.596,2.14,1.95
2011.02.15 20:31:28.656,1.59531,1.59599,2.22,1.88
2011.02.15 20:31:29.865,1.59546,1.59603,1.50,2.25
2011.02.15 20:31:30.085,1.59536,1.59608,1.69,2.33
2011.02.15 20:31:35.854,1.59551,1.59609,1.50,2.33
2011.02.15 20:31:35.964,1.59551,1.59609,1.50,1.95
2011.02.15 20:31:37.015,1.59541,1.59609,1.88,2.03
2011.02.15 20:31:37.125,1.59541,1.59609,1.88,1.95
2011.02.15 20:31:37.235,1.59541,1.59605,1.88,1.43
2011.02.15 20:31:37.617,1.59537,1.59604,1.09,1.58
2011.02.15 20:31:38.546,1.59541,1.59607,1.88,1.20
2011.02.15 20:31:39.096,1.59541,1.59601,1.88,1.50
2011.02.15 20:31:39.425,1.59541,1.59597,1.50,1.20
2011.02.15 20:31:39.535,1.59533,1.59597,1.02,1.20
2011.02.15 20:31:45.965,1.59524,1.59598,2.44,1.84
2011.02.15 20:31:47.920,1.59525,1.59593,2.07,1.58
2011.02.15 20:31:48.946,1.59525,1.59593,2.07,1.65
2011.02.15 20:31:56.896,1.59525,1.59586,2.07,1.43
2011.02.15 20:31:57.615,1.59524,1.59584,2.07,1.50
2011.02.15 20:31:58.658,1.59524,1.59584,2.07,1.58
2011.02.15 20:31:58.996,1.59524,1.59584,2.07,1.50
2011.02.15 20:31:59.969,1.59524,1.59584,2.07,1.58
2011.02.15 20:32:01.355,1.59524,1.59584,2.07,1.50
2011.02.15 20:32:01.465,1.59524,1.59586,2.07,1.43
2011.02.15 20:32:01.705,1.59525,1.59583,2.07,1.50
2011.02.15 20:32:04.015,1.59525,1.59583,2.07,1.65
2011.02.15 20:32:04.346,1.59533,1.59586,1.50,1.43
2011.02.15 20:32:04.567,1.59521,1.59588,1.69,1.43
2011.02.15 20:32:04.675,1.59521,1.59595,1.69,2.18
2011.02.15 20:32:04.895,1.59521,1.59587,1.69,1.43
2011.02.15 20:32:05.575,1.5953,1.59587,1.50,1.43
2011.02.15 20:32:06.015,1.59521,1.59587,1.69,1.50
2011.02.15 20:32:09.295,1.59522,1.59587,1.39,1.50
2011.02.15 20:32:17.605,1.5952,1.59587,2.52,1.50
2011.02.15 20:32:19.270,1.59522,1.59587,1.02,1.50
2011.02.15 20:32:25.649,1.5952,1.5958,2.44,1.50
2011.02.15 20:32:25.865,1.59521,1.59588,2.44,1.58
2011.02.15 20:32:27.085,1.59521,1.59579,2.44,1.50
2011.02.15 20:32:34.435,1.59521,1.59579,2.44,1.50
2011.02.15 20:32:34.545,1.5953,1.59586,1.50,1.50
2011.02.15 20:32:40.145,1.5953,1.59586,1.58,1.50
2011.02.15 20:32:40.694,1.59534,1.59592,1.50,2.03
2011.02.15 20:32:42.487,1.59534,1.59592,1.50,1.88
2011.02.15 20:32:42.886,1.59534,1.59592,1.50,1.95
2011.02.15 20:32:42.996,1.59534,1.59592,1.50,1.88
2011.02.15 20:32:43.105,1.59534,1.59592,1.50,1.95
2011.02.15 20:32:43.755,1.59529,1.59587,1.50,1.50
2011.02.15 20:32:44.087,1.59535,1.59591,1.50,1.50
2011.02.15 20:32:45.275,1.59529,1.59587,2.25,1.50
2011.02.15 20:32:47.294,1.59534,1.59592,1.88,3.00
2011.02.15 20:32:48.995,1.59534,1.59592,1.88,1.73
2011.02.15 20:32:50.535,1.59537,1.59591,1.50,1.58
2011.02.15 20:32:50.756,1.59537,1.59593,1.50,1.58
2011.02.15 20:32:50.866,1.59522,1.59598,1.58,1.95
2011.02.15 20:32:52.474,1.59522,1.59598,1.05,2.10
2011.02.15 20:32:53.506,1.5953,1.59598,1.88,1.95
2011.02.15 20:32:53.835,1.59521,1.59589,2.33,1.50
2011.02.15 20:32:55.272,1.59521,1.59589,2.40,1.65
2011.02.15 20:32:56.421,1.59521,1.59589,2.25,1.58
2011.02.15 20:32:57.666,1.59521,1.59589,2.40,1.80
2011.02.15 20:32:58.659,1.59521,1.59589,2.25,1.80
2011.02.15 20:32:59.144,1.59521,1.59589,1.88,1.80
2011.02.15 20:32:59.438,1.59521,1.59589,1.95,1.58
2011.02.15 20:32:59.546,1.59537,1.59591,1.50,1.50
2011.02.15 20:32:59.655,1.59537,1.59593,1.50,1.95
2011.02.15 20:33:02.041,1.59537,1.59593,1.69,1.95
2011.02.15 20:33:02.157,1.59547,1.59603,1.50,2.33
2011.02.15 20:33:02.376,1.59551,1.59608,1.50,1.58
2011.02.15 20:33:02.486,1.59551,1.59608,1.50,1.50
2011.02.15 20:33:02.955,1.59551,1.59609,1.50,1.65
2011.02.15 20:33:03.174,1.59541,1.59609,2.07,3.08
2011.02.15 20:33:06.455,1.59541,1.59609,2.14,3.00
2011.02.15 20:33:06.566,1.59541,1.59609,2.07,1.65
2011.02.15 20:33:07.140,1.59541,1.59603,2.14,1.50
2011.02.15 20:33:08.354,1.59541,1.59609,2.07,1.65
2011.02.15 20:33:09.004,1.59541,1.59609,2.07,2.03
2011.02.15 20:33:09.606,1.59541,1.59603,2.14,1.50
2011.02.15 20:33:10.156,1.59541,1.59609,2.07,2.03
2011.02.15 20:33:19.845,1.59539,1.59595,1.50,1.50
2011.02.15 20:33:23.640,1.59539,1.59595,1.50,1.58
2011.02.15 20:33:28.006,1.59543,1.59601,1.50,1.95
2011.02.15 20:33:28.517,1.59538,1.59596,1.50,1.58
2011.02.15 20:33:36.714,1.59538,1.59596,1.50,1.50
2011.02.15 20:33:36.936,1.59538,1.59596,1.50,1.58
2011.02.15 20:33:37.154,1.59528,1.59594,1.02,1.58
2011.02.15 20:33:37.265,1.59527,1.59594,1.02,1.65
2011.02.15 20:33:38.066,1.59528,1.59594,1.77,1.58
2011.02.15 20:33:39.168,1.59527,1.59593,1.02,1.50
2011.02.15 20:33:39.277,1.59538,1.59593,1.50,1.43
2011.02.15 20:33:39.605,1.59527,1.59593,1.02,1.65
2011.02.15 20:33:42.375,1.59525,1.59592,2.14,1.88
2011.02.15 20:33:46.737,1.59539,1.59593,1.50,1.95
2011.02.15 20:33:46.847,1.59539,1.59593,1.50,1.80
2011.02.15 20:33:48.965,1.59539,1.59595,1.50,1.95
2011.02.15 20:33:50.286,1.59539,1.59595,1.50,2.18
2011.02.15 20:33:50.397,1.59524,1.59594,2.59,2.18
2011.02.15 20:33:59.145,1.59528,1.59592,1.09,1.73
2011.02.15 20:34:09.747,1.59534,1.59594,2.63,1.50
2011.02.15 20:34:10.076,1.59548,1.59594,1.50,1.50
2011.02.15 20:34:10.186,1.59548,1.59602,1.69,1.50
2011.02.15 20:34:10.297,1.59551,1.59602,1.69,1.50
2011.02.15 20:34:10.408,1.59554,1.59621,1.88,1.95
2011.02.15 20:34:10.697,1.5955,1.59606,2.25,1.50
2011.02.15 20:34:10.806,1.59553,1.59616,1.88,1.62
2011.02.15 20:34:11.675,1.59553,1.59621,2.07,1.88
2011.02.15 20:34:12.797,1.59553,1.59621,2.07,1.88
2011.02.15 20:34:13.234,1.59553,1.59615,2.14,1.43
2011.02.15 20:34:13.756,1.59554,1.59622,1.02,1.88
2011.02.15 20:34:16.115,1.59553,1.59622,3.19,2.03
2011.02.15 20:34:16.554,1.59553,1.59613,2.44,1.65
2011.02.15 20:34:17.137,1.59546,1.59611,1.69,1.58
2011.02.15 20:34:17.466,1.59541,1.59599,1.50,1.58
2011.02.15 20:34:17.685,1.59534,1.59597,2.07,1.58
2011.02.15 20:34:18.364,1.59542,1.59598,1.50,1.58
2011.02.15 20:34:18.695,1.59542,1.59598,1.50,1.65
2011.02.15 20:34:19.207,1.59542,1.59598,1.50,1.65
2011.02.15 20:34:19.428,1.59542,1.59598,1.50,1.80
2011.02.15 20:34:19.755,1.59542,1.59598,1.50,1.73
2011.02.15 20:34:19.867,1.59542,1.59598,1.50,1.65
2011.02.15 20:34:20.856,1.59542,1.59598,1.50,1.58
2011.02.15 20:34:21.407,1.59543,1.5961,1.50,1.17
2011.02.15 20:34:22.232,1.59543,1.59612,2.25,1.84
2011.02.15 20:34:26.477,1.59538,1.59612,2.18,1.77
2011.02.15 20:34:26.806,1.59534,1.59608,2.44,1.65
2011.02.15 20:34:27.026,1.59534,1.59603,2.07,2.10
2011.02.15 20:34:28.968,1.59534,1.59594,2.07,1.65
2011.02.15 20:34:29.999,1.59534,1.59594,2.07,1.58
2011.02.15 20:34:31.795,1.59535,1.59594,1.99,1.58
2011.02.15 20:34:31.909,1.59544,1.596,1.50,1.65
2011.02.15 20:34:32.398,1.59544,1.596,1.50,1.80
2011.02.15 20:34:32.616,1.59537,1.59594,1.13,1.65
2011.02.15 20:34:32.835,1.59548,1.596,1.50,1.58
2011.02.15 20:34:33.165,1.59557,1.59615,1.50,2.10
2011.02.15 20:34:34.285,1.59557,1.59615,1.50,2.10
2011.02.15 20:34:34.615,1.59547,1.59612,1.69,3.08
2011.02.15 20:34:34.835,1.59558,1.59612,1.50,1.58
2011.02.15 20:34:36.106,1.59552,1.5961,2.07,1.65
2011.02.15 20:34:37.229,1.59546,1.59601,1.50,1.65
2011.02.15 20:34:37.500,1.59546,1.59601,1.50,1.80
2011.02.15 20:34:38.088,1.59546,1.59601,1.50,1.65
2011.02.15 20:34:38.306,1.59544,1.59601,1.50,1.58
2011.02.15 20:34:38.526,1.59543,1.59601,2.44,1.65
2011.02.15 20:34:38.747,1.59543,1.59601,2.44,1.58
2011.02.15 20:34:39.186,1.59543,1.59601,2.07,1.58
2011.02.15 20:34:39.815,1.59544,1.59601,1.13,1.58
2011.02.15 20:34:40.275,1.59544,1.59601,1.88,1.50
2011.02.15 20:34:40.384,1.59551,1.59609,1.50,2.03
2011.02.15 20:34:40.965,1.59551,1.59609,1.50,2.03
2011.02.15 20:34:41.545,1.59551,1.59609,1.50,2.03
2011.02.15 20:34:41.655,1.59551,1.59609,1.50,1.95
2011.02.15 20:34:42.414,1.59551,1.59609,1.50,2.03
2011.02.15 20:34:47.341,1.59551,1.59609,1.50,2.03
2011.02.15 20:34:48.345,1.59551,1.59609,1.50,2.10
2011.02.15 20:34:58.887,1.59551,1.59609,1.50,2.03
2011.02.15 20:35:01.097,1.59551,1.59609,1.50,1.80
2011.02.15 20:35:01.676,1.59551,1.59609,2.25,1.80
2011.02.15 20:35:01.788,1.59559,1.59609,1.50,1.73
2011.02.15 20:35:02.118,1.59567,1.59625,1.88,1.99
2011.02.15 20:35:02.227,1.59567,1.59625,1.88,1.84
2011.02.15 20:35:02.335,1.59566,1.59636,2.07,2.18
2011.02.15 20:35:02.781,1.59565,1.59636,1.69,2.25
2011.02.15 20:35:03.435,1.59565,1.59632,1.69,1.13
2011.02.15 20:35:03.955,1.59565,1.59633,1.69,1.13
2011.02.15 20:35:04.705,1.59565,1.59629,1.69,1.50
2011.02.15 20:35:04.815,1.59565,1.59631,1.69,1.73
2011.02.15 20:35:05.705,1.59565,1.59632,1.69,2.18
2011.02.15 20:35:06.495,1.59572,1.59631,1.69,1.73
2011.02.15 20:35:07.373,1.59572,1.59631,1.69,1.73
2011.02.15 20:35:09.006,1.59572,1.5963,1.69,1.35
2011.02.15 20:35:10.176,1.59564,1.5963,1.32,1.35
2011.02.15 20:35:14.505,1.59573,1.59636,1.69,1.73
2011.02.15 20:35:16.986,1.59573,1.59632,1.69,1.05
2011.02.15 20:35:18.356,1.59573,1.59629,1.69,1.43
2011.02.15 20:35:20.612,1.59573,1.59629,1.69,1.58
2011.02.15 20:35:34.797,1.59572,1.59629,1.88,1.05
2011.02.15 20:35:35.124,1.59556,1.59623,2.44,1.73
2011.02.15 20:35:35.386,1.59556,1.59623,2.44,1.88
2011.02.15 20:35:36.321,1.59556,1.59623,2.44,1.73
2011.02.15 20:35:36.955,1.59556,1.59613,2.44,1.20
2011.02.15 20:35:37.175,1.59556,1.59616,1.69,1.65
2011.02.15 20:35:38.302,1.59556,1.59613,1.69,1.20
2011.02.15 20:35:58.026,1.59556,1.59613,1.69,1.73
2011.02.15 20:35:58.136,1.59556,1.59613,1.69,1.65
2011.02.15 20:35:58.246,1.59556,1.59613,1.69,1.58
2011.02.15 20:35:58.575,1.59556,1.59624,1.69,2.03
2011.02.15 20:35:58.685,1.59556,1.59624,1.69,2.10
2011.02.15 20:35:59.335,1.59556,1.59625,2.44,1.73
2011.02.15 20:36:00.795,1.59556,1.59625,2.44,1.73
2011.02.15 20:36:01.360,1.59556,1.59625,2.44,1.73
2011.02.15 20:36:01.949,1.59556,1.59625,2.44,2.03
2011.02.15 20:36:02.515,1.59556,1.5963,2.44,1.13
2011.02.15 20:36:03.331,1.59556,1.59624,2.44,1.73
2011.02.15 20:36:03.656,1.59563,1.59624,1.32,1.73
2011.02.15 20:36:03.766,1.59563,1.59624,1.32,1.65
2011.02.15 20:36:18.435,1.59573,1.59629,2.07,2.40
2011.02.15 20:36:18.655,1.5957,1.59622,2.07,1.73
2011.02.15 20:36:20.616,1.5957,1.59622,2.07,1.65
2011.02.15 20:36:27.476,1.5957,1.59622,1.88,1.80
2011.02.15 20:36:32.456,1.59557,1.59623,2.25,1.73
2011.02.15 20:36:33.031,1.59571,1.59627,1.50,2.25
2011.02.15 20:36:33.691,1.59571,1.59627,1.50,2.48
2011.02.15 20:36:38.563,1.59571,1.59621,1.50,1.73
2011.02.15 20:36:38.679,1.59571,1.59621,1.50,1.65
2011.02.15 20:36:39.103,1.59571,1.59621,1.50,1.73
2011.02.15 20:36:39.326,1.59571,1.59627,1.50,2.48
2011.02.15 20:36:40.826,1.59571,1.59627,1.50,2.48
2011.02.15 20:36:43.867,1.59571,1.59627,1.50,2.03
2011.02.15 20:36:43.975,1.59571,1.59627,1.69,2.03
2011.02.15 20:36:48.046,1.59587,1.59641,1.50,1.05
2011.02.15 20:36:48.265,1.59572,1.59642,2.44,1.80
2011.02.15 20:36:48.706,1.59587,1.59643,1.50,3.30
2011.02.15 20:36:49.036,1.59573,1.59641,2.44,1.80
2011.02.15 20:36:49.146,1.59586,1.59644,1.50,3.30
2011.02.15 20:36:49.556,1.59572,1.59635,2.44,1.73
2011.02.15 20:36:59.182,1.59572,1.59635,2.44,1.73
2011.02.15 20:36:59.516,1.59572,1.5964,2.44,1.73
2011.02.15 20:37:00.276,1.59583,1.5964,1.32,1.73
2011.02.15 20:37:01.666,1.59589,1.59644,1.69,1.65
2011.02.15 20:37:01.777,1.59589,1.59644,1.69,2.03
2011.02.15 20:37:02.687,1.59589,1.59644,1.69,1.80
2011.02.15 20:37:04.672,1.59589,1.59644,1.69,1.73
2011.02.15 20:37:06.764,1.59589,1.59644,1.69,1.80
2011.02.15 20:37:08.506,1.59589,1.59644,1.69,1.80
2011.02.15 20:37:09.653,1.59574,1.59639,1.32,1.80
2011.02.15 20:37:10.218,1.59574,1.59639,1.32,1.73
2011.02.15 20:37:10.436,1.59574,1.59645,1.32,2.48
2011.02.15 20:37:10.545,1.59574,1.59645,1.32,2.55
2011.02.15 20:37:11.676,1.59574,1.5964,1.32,2.55
2011.02.15 20:37:11.787,1.59574,1.5964,1.32,2.10
2011.02.15 20:37:12.036,1.59574,1.5964,1.32,2.18
2011.02.15 20:37:12.937,1.59574,1.59635,1.32,2.18
2011.02.15 20:37:13.046,1.59566,1.59635,1.69,2.18
2011.02.15 20:37:16.806,1.59573,1.59635,2.07,1.73
2011.02.15 20:37:17.366,1.59573,1.59628,2.07,1.65
2011.02.15 20:37:17.977,1.59573,1.59628,2.07,1.73
2011.02.15 20:37:19.630,1.59573,1.59628,1.69,1.80
2011.02.15 20:37:21.375,1.59573,1.59604,1.69,1.43
2011.02.15 20:37:21.596,1.59555,1.59611,2.44,1.65
2011.02.15 20:37:21.706,1.59557,1.59612,1.50,1.65
2011.02.15 20:37:22.035,1.59557,1.59612,2.44,1.65
2011.02.15 20:37:22.365,1.59557,1.59624,1.69,1.80
2011.02.15 20:37:24.267,1.59557,1.59624,1.69,1.73
2011.02.15 20:37:24.378,1.59572,1.59628,1.50,1.73
2011.02.15 20:37:24.488,1.59572,1.59628,1.50,1.65
2011.02.15 20:37:24.707,1.59572,1.59629,1.50,1.05
2011.02.15 20:37:26.469,1.59572,1.59628,1.50,1.80
2011.02.15 20:37:26.950,1.59572,1.59628,1.50,1.65
2011.02.15 20:37:27.275,1.59571,1.5962,1.50,1.65
2011.02.15 20:37:27.625,1.59571,1.5962,1.50,1.58
2011.02.15 20:37:28.540,1.59571,1.5962,1.50,1.73
2011.02.15 20:37:29.192,1.59571,1.5962,1.50,2.03
2011.02.15 20:37:30.176,1.59571,1.5962,1.50,1.80
2011.02.15 20:37:32.047,1.59571,1.5962,1.50,1.80
2011.02.15 20:37:35.649,1.59571,1.5962,1.50,1.80
2011.02.15 20:37:36.026,1.59571,1.5962,1.50,1.80
2011.02.15 20:37:36.134,1.59557,1.59612,1.69,1.80
2011.02.15 20:37:36.677,1.59557,1.59612,1.69,1.80
2011.02.15 20:37:38.006,1.59564,1.59612,1.32,1.73
2011.02.15 20:37:38.225,1.59571,1.59621,1.50,1.80
2011.02.15 20:37:39.928,1.59571,1.59621,1.50,1.80
2011.02.15 20:37:40.902,1.59575,1.59621,1.50,1.80
2011.02.15 20:37:41.016,1.59575,1.59621,1.50,1.73
2011.02.15 20:37:41.125,1.59575,1.59621,1.50,1.65
2011.02.15 20:37:42.677,1.59575,1.59625,1.50,1.80
2011.02.15 20:37:42.785,1.59575,1.59625,1.50,1.73
2011.02.15 20:37:43.007,1.59575,1.59625,1.50,1.80
2011.02.15 20:37:43.116,1.59575,1.59625,1.50,2.03
2011.02.15 20:37:43.410,1.59565,1.59623,1.50,1.88
2011.02.15 20:37:43.913,1.59561,1.59609,1.88,1.58
2011.02.15 20:37:44.437,1.59561,1.59609,1.88,1.65
2011.02.15 20:37:44.726,1.59565,1.59609,1.50,1.58
2011.02.15 20:37:45.166,1.59565,1.59614,1.50,1.73
2011.02.15 20:37:45.674,1.59561,1.59609,1.88,1.65
2011.02.15 20:37:46.257,1.59561,1.59609,1.88,1.73
2011.02.15 20:37:47.641,1.59561,1.59609,1.88,1.73
2011.02.15 20:37:47.887,1.59561,1.59609,1.88,1.65
2011.02.15 20:37:49.355,1.59561,1.59609,1.50,1.65
2011.02.15 20:37:57.286,1.59561,1.59613,2.25,1.65
2011.02.15 20:37:57.397,1.59563,1.59613,1.50,1.65
2011.02.15 20:37:57.506,1.59571,1.59619,1.50,1.73
2011.02.15 20:37:58.027,1.5957,1.59623,1.50,1.80
2011.02.15 20:37:58.555,1.5957,1.59628,1.50,2.25
2011.02.15 20:38:00.490,1.5957,1.59623,1.50,1.80
2011.02.15 20:38:02.416,1.5957,1.59623,1.50,2.03
2011.02.15 20:38:10.968,1.5957,1.59623,1.50,1.80
2011.02.15 20:38:11.186,1.59561,1.59616,1.32,1.65
2011.02.15 20:38:11.296,1.59571,1.59616,1.50,1.65
2011.02.15 20:38:11.996,1.59565,1.59624,1.13,1.80
2011.02.15 20:38:12.697,1.59565,1.59619,1.13,1.88
2011.02.15 20:38:13.217,1.59565,1.59619,1.13,2.03
2011.02.15 20:38:13.807,1.59563,1.59619,2.07,2.03
2011.02.15 20:38:14.376,1.5956,1.59618,2.25,1.80
2011.02.15 20:38:15.659,1.5956,1.59618,2.25,2.25
2011.02.15 20:38:20.035,1.5956,1.59613,1.50,1.73
2011.02.15 20:38:23.505,1.59557,1.59612,1.13,1.80
2011.02.15 20:38:24.597,1.59557,1.59612,1.13,1.88
2011.02.15 20:38:25.697,1.59557,1.59612,1.13,1.80
2011.02.15 20:38:29.877,1.59557,1.59612,1.13,1.95
2011.02.15 20:38:30.467,1.59557,1.59612,1.13,1.80
2011.02.15 20:38:39.265,1.59557,1.59612,1.13,1.80
2011.02.15 20:38:41.076,1.59557,1.59612,1.13,1.80
2011.02.15 20:38:42.637,1.59557,1.59612,1.13,1.80
2011.02.15 20:38:45.260,1.59557,1.59612,1.13,1.80
2011.02.15 20:38:45.855,1.59557,1.59612,1.13,1.80
2011.02.15 20:38:47.880,1.59557,1.59612,1.13,2.10
2011.02.15 20:38:47.989,1.59557,1.59612,1.13,2.25
2011.02.15 20:38:50.157,1.59556,1.59612,2.25,1.95
2011.02.15 20:38:50.595,1.5956,1.59618,1.50,2.25
2011.02.15 20:38:52.516,1.5956,1.59618,2.25,2.25
2011.02.15 20:38:52.736,1.59564,1.59618,1.50,2.48
2011.02.15 20:38:53.066,1.5957,1.59623,1.50,1.13
2011.02.15 20:38:58.340,1.5957,1.59623,1.50,1.13
2011.02.15 20:39:03.388,1.5957,1.59624,1.50,2.10
2011.02.15 20:39:04.002,1.5957,1.59624,1.50,2.10
2011.02.15 20:39:08.167,1.5957,1.59624,1.50,2.10
2011.02.15 20:39:08.276,1.59575,1.59624,1.50,2.10
2011.02.15 20:39:08.607,1.59571,1.59623,1.69,1.13
2011.02.15 20:39:09.907,1.59571,1.59624,1.69,1.80
2011.02.15 20:39:10.068,1.59571,1.59624,1.69,2.18
2011.02.15 20:39:11.524,1.59571,1.59624,1.69,1.80
2011.02.15 20:39:18.228,1.59571,1.59624,1.69,1.80
2011.02.15 20:39:18.774,1.59566,1.59622,1.69,1.88
2011.02.15 20:39:19.106,1.59566,1.59622,2.44,2.10
2011.02.15 20:39:27.237,1.59566,1.59622,2.44,2.25
2011.02.15 20:39:27.346,1.59566,1.59619,2.25,2.18
2011.02.15 20:39:28.766,1.59566,1.59618,2.25,2.03
2011.02.15 20:39:34.827,1.59563,1.59617,1.50,1.88
2011.02.15 20:39:35.649,1.59563,1.59617,1.50,1.88
2011.02.15 20:39:36.176,1.59564,1.59617,1.50,1.88
2011.02.15 20:39:36.285,1.59561,1.59617,2.63,1.88
2011.02.15 20:39:36.395,1.59561,1.59617,1.88,1.88
2011.02.15 20:39:36.836,1.59552,1.5961,2.44,1.80
2011.02.15 20:39:36.946,1.59552,1.5961,1.69,1.80
2011.02.15 20:39:45.720,1.59556,1.59613,1.69,1.50
2011.02.15 20:39:46.346,1.59549,1.59613,1.32,3.30
2011.02.15 20:39:46.456,1.59549,1.59613,1.32,3.30
2011.02.15 20:39:46.566,1.59541,1.59612,2.25,1.54
2011.02.15 20:39:47.406,1.59541,1.59599,2.25,1.95
2011.02.15 20:39:48.226,1.59541,1.59599,2.25,1.80
2011.02.15 20:39:48.449,1.59541,1.59599,2.25,1.73
2011.02.15 20:39:48.660,1.59541,1.59599,2.25,1.80
2011.02.15 20:39:50.653,1.59541,1.59599,2.25,2.25
2011.02.15 20:39:50.910,1.59541,1.59599,2.25,1.80
2011.02.15 20:39:51.735,1.5954,1.596,1.88,2.25
2011.02.15 20:39:51.957,1.5954,1.596,1.88,1.73
2011.02.15 20:39:54.491,1.5954,1.5961,1.88,1.32
2011.02.15 20:39:54.836,1.59541,1.59599,1.88,1.80
2011.02.15 20:39:54.947,1.59541,1.59599,1.88,1.73
2011.02.15 20:39:55.056,1.59541,1.59599,1.88,1.80
2011.02.15 20:39:55.166,1.59541,1.59599,1.88,1.73
2011.02.15 20:39:57.197,1.59541,1.59599,1.88,1.80
2011.02.15 20:39:58.278,1.59541,1.59599,1.88,1.88
2011.02.15 20:40:00.506,1.59541,1.59599,1.88,1.80
2011.02.15 20:40:00.615,1.5955,1.59606,1.50,2.44
2011.02.15 20:40:00.836,1.59556,1.5961,1.50,1.35
2011.02.15 20:40:02.345,1.59556,1.59613,1.50,1.05
2011.02.15 20:40:04.148,1.59556,1.5961,1.50,1.35
2011.02.15 20:40:05.906,1.59556,1.59597,1.50,1.05
2011.02.15 20:40:06.127,1.59518,1.59574,2.25,1.65
2011.02.15 20:40:06.237,1.59518,1.59574,1.50,1.50
2011.02.15 20:40:06.347,1.59507,1.59568,2.44,1.88
2011.02.15 20:40:08.687,1.59507,1.59568,2.44,2.03
2011.02.15 20:40:11.437,1.59507,1.59568,2.44,2.25
2011.02.15 20:40:23.548,1.59507,1.59568,2.44,2.25
2011.02.15 20:40:24.970,1.59507,1.59568,2.44,1.88
2011.02.15 20:40:26.429,1.59507,1.59568,2.44,2.10
2011.02.15 20:40:27.706,1.59507,1.59568,2.44,1.88
2011.02.15 20:40:28.667,1.59507,1.59568,2.44,1.88
2011.02.15 20:40:35.098,1.59508,1.59567,1.69,2.63
2011.02.15 20:40:35.666,1.59508,1.59567,1.69,2.18
2011.02.15 20:40:45.249,1.59507,1.5957,2.44,1.13
2011.02.15 20:40:45.550,1.59507,1.59572,2.44,1.05
2011.02.15 20:40:46.426,1.59507,1.59567,2.44,1.13
2011.02.15 20:40:47.338,1.59507,1.5957,2.44,1.13
2011.02.15 20:40:55.026,1.59507,1.59572,2.44,2.55
2011.02.15 20:40:55.496,1.59507,1.59572,2.44,1.05
2011.02.15 20:41:01.877,1.59507,1.59572,2.44,1.13
2011.02.15 20:41:05.527,1.59508,1.59571,1.50,2.18
2011.02.15 20:41:05.746,1.59505,1.59563,1.88,1.73
2011.02.15 20:41:06.650,1.59505,1.59563,1.88,1.80
2011.02.15 20:41:08.190,1.59505,1.59563,1.88,1.88
2011.02.15 20:41:17.455,1.59505,1.59563,1.88,1.80
2011.02.15 20:41:20.169,1.59505,1.59563,1.50,1.73
2011.02.15 20:41:20.277,1.59508,1.5957,1.50,1.05
2011.02.15 20:41:22.698,1.59508,1.5957,1.50,1.05
2011.02.15 20:41:23.457,1.59505,1.59563,2.25,1.73
2011.02.15 20:41:24.180,1.59505,1.59563,2.25,1.80
2011.02.15 20:41:26.643,1.59505,1.59563,3.19,1.80
2011.02.15 20:41:26.756,1.59505,1.59563,3.19,1.65
2011.02.15 20:41:26.869,1.59522,1.59571,1.50,1.73
2011.02.15 20:41:27.196,1.59522,1.5958,1.50,2.18
2011.02.15 20:41:27.830,1.59522,1.5958,1.50,2.25
2011.02.15 20:41:28.257,1.59522,1.59578,1.50,1.43
2011.02.15 20:41:28.598,1.59509,1.59572,1.69,1.65
2011.02.15 20:41:29.642,1.59508,1.59571,2.44,1.35
2011.02.15 20:41:30.617,1.59508,1.59571,2.44,1.43
2011.02.15 20:41:31.506,1.59509,1.59572,2.44,1.05
2011.02.15 20:41:39.516,1.59509,1.59577,2.44,2.10
2011.02.15 20:41:40.027,1.59509,1.59577,3.19,1.73
2011.02.15 20:41:40.667,1.59518,1.59584,1.50,1.88
2011.02.15 20:41:41.739,1.59518,1.59576,1.50,3.60
2011.02.15 20:41:42.016,1.59511,1.59576,2.37,1.73
2011.02.15 20:41:42.998,1.5951,1.59576,1.69,1.05
2011.02.15 20:41:48.709,1.59517,1.59576,2.07,1.05
2011.02.15 20:41:56.246,1.59517,1.59577,1.69,1.80
2011.02.15 20:41:56.826,1.59509,1.59576,1.69,1.73
2011.02.15 20:41:59.289,1.59509,1.59576,1.69,1.80
2011.02.15 20:42:01.718,1.59509,1.59576,1.69,1.95
2011.02.15 20:42:01.936,1.59522,1.5958,1.50,2.10
2011.02.15 20:42:02.940,1.59522,1.5958,1.50,2.18
2011.02.15 20:42:03.268,1.59522,1.5958,1.50,2.25
2011.02.15 20:42:03.377,1.59509,1.59576,1.69,1.80
2011.02.15 20:42:06.897,1.59509,1.59576,1.69,1.80
2011.02.15 20:42:07.117,1.59509,1.59576,1.69,1.65
2011.02.15 20:42:07.336,1.59521,1.59582,1.43,2.18
2011.02.15 20:42:07.716,1.59525,1.59582,1.50,2.18
2011.02.15 20:42:08.669,1.59525,1.59582,1.50,2.10
2011.02.15 20:42:10.429,1.59525,1.59582,1.50,2.03
2011.02.15 20:42:22.557,1.59525,1.59591,2.44,1.73
2011.02.15 20:42:22.887,1.59539,1.59592,1.50,1.73
2011.02.15 20:42:23.676,1.59539,1.59588,1.50,1.20
2011.02.15 20:42:25.747,1.59539,1.59592,1.50,1.73
2011.02.15 20:42:43.888,1.59539,1.59588,1.50,1.05
2011.02.15 20:42:44.217,1.59524,1.59588,2.82,1.05
2011.02.15 20:42:48.507,1.59524,1.59582,2.82,1.73
2011.02.15 20:42:48.616,1.59524,1.59582,1.88,1.73
2011.02.15 20:42:48.836,1.59524,1.59581,1.88,1.05
2011.02.15 20:42:50.608,1.59524,1.59582,1.88,1.80
2011.02.15 20:42:57.247,1.59525,1.59582,1.88,1.65
2011.02.15 20:42:58.647,1.59525,1.59581,1.88,1.65
2011.02.15 20:42:59.137,1.59525,1.59581,1.50,2.03
2011.02.15 20:42:59.247,1.59525,1.59581,1.50,2.33
2011.02.15 20:42:59.468,1.59524,1.59581,1.50,2.03
2011.02.15 20:43:01.545,1.59524,1.59581,1.50,1.43
2011.02.15 20:43:05.990,1.59524,1.59581,1.50,1.43
2011.02.15 20:43:06.099,1.59524,1.59581,1.50,1.35
2011.02.15 20:43:06.207,1.59524,1.59581,1.50,1.28
2011.02.15 20:43:07.688,1.59524,1.59581,1.50,1.35
2011.02.15 20:43:18.908,1.59524,1.59584,1.50,2.18
2011.02.15 20:43:19.227,1.59524,1.59583,1.50,1.13
2011.02.15 20:43:19.336,1.59518,1.59583,1.62,2.63
2011.02.15 20:43:24.163,1.59518,1.59581,1.62,1.50
2011.02.15 20:43:24.527,1.59518,1.59581,2.37,2.18
2011.02.15 20:43:47.544,1.59524,1.59578,1.50,1.05
2011.02.15 20:43:52.141,1.59524,1.59576,1.50,1.65
2011.02.15 20:43:52.246,1.59534,1.59576,1.50,1.65
2011.02.15 20:43:52.731,1.59534,1.59577,1.50,1.65
2011.02.15 20:43:53.367,1.59534,1.59582,1.50,1.65
2011.02.15 20:43:54.215,1.59534,1.59581,1.50,1.65
2011.02.15 20:43:54.808,1.59534,1.59582,1.50,1.65
2011.02.15 20:43:55.057,1.59538,1.59582,1.50,1.65
2011.02.15 20:43:56.659,1.59538,1.59582,1.50,1.58
2011.02.15 20:44:03.227,1.59534,1.59582,1.69,1.58
2011.02.15 20:44:03.663,1.59539,1.59582,1.50,1.58
2011.02.15 20:44:04.498,1.59539,1.59582,1.50,1.73
2011.02.15 20:44:04.717,1.59525,1.59582,2.25,1.73
2011.02.15 20:44:04.947,1.59525,1.59581,2.25,1.20
2011.02.15 20:44:05.167,1.59525,1.59581,1.50,1.95
2011.02.15 20:44:05.275,1.59512,1.59581,1.32,1.20
2011.02.15 20:44:07.657,1.59512,1.59581,1.32,2.55
2011.02.15 20:44:07.879,1.59512,1.59581,1.32,2.40
2011.02.15 20:44:08.783,1.59524,1.59581,1.50,1.65
2011.02.15 20:44:16.268,1.59524,1.59572,1.50,1.05
2011.02.15 20:44:16.379,1.59513,1.59567,1.69,2.40
2011.02.15 20:44:16.597,1.59521,1.59577,1.50,3.15
2011.02.15 20:44:16.725,1.59514,1.59577,2.44,1.65
2011.02.15 20:44:17.325,1.59517,1.59578,1.13,1.05
2011.02.15 20:44:17.441,1.59517,1.59581,1.13,2.10
2011.02.15 20:44:18.710,1.59517,1.59577,1.13,1.05
2011.02.15 20:44:19.659,1.59517,1.59577,1.13,1.05
2011.02.15 20:44:20.668,1.59517,1.59581,1.13,1.58
2011.02.15 20:44:21.326,1.59517,1.59582,1.13,2.48
2011.02.15 20:44:22.699,1.59517,1.59582,1.13,2.48
2011.02.15 20:44:35.495,1.59517,1.59581,1.13,2.48
2011.02.15 20:44:36.490,1.59514,1.59581,1.32,1.73
2011.02.15 20:44:46.938,1.59511,1.59582,1.69,2.10
2011.02.15 20:44:47.564,1.59509,1.59581,2.37,1.35
2011.02.15 20:44:48.367,1.59508,1.59582,2.37,2.63
2011.02.15 20:44:52.088,1.59514,1.59581,1.99,2.10
2011.02.15 20:44:53.027,1.59514,1.59581,1.99,2.03
2011.02.15 20:44:54.381,1.59517,1.59581,1.99,1.28
2011.02.15 20:44:55.987,1.59517,1.59581,1.99,1.35
2011.02.15 20:44:56.487,1.59514,1.59582,1.69,1.65
2011.02.15 20:44:56.816,1.59514,1.59581,1.69,1.73
2011.02.15 20:44:56.927,1.59521,1.59581,1.99,1.65
2011.02.15 20:44:57.147,1.59524,1.59581,1.43,1.65
2011.02.15 20:44:59.679,1.59524,1.59581,1.43,1.65
2011.02.15 20:45:00.887,1.59524,1.59591,1.43,2.48
2011.02.15 20:45:01.527,1.59524,1.59591,1.43,2.10
2011.02.15 20:45:01.637,1.59516,1.59577,2.37,1.50
2011.02.15 20:45:01.746,1.59516,1.59577,2.37,1.65
2011.02.15 20:45:02.739,1.59516,1.59577,2.37,1.73
2011.02.15 20:45:03.067,1.59516,1.59577,2.37,1.58
2011.02.15 20:45:03.507,1.59518,1.59576,2.07,1.50
2011.02.15 20:45:03.670,1.59518,1.59576,2.07,1.65
2011.02.15 20:45:03.997,1.59516,1.59577,2.37,1.65
2011.02.15 20:45:04.631,1.59516,1.59577,2.37,1.65
2011.02.15 20:45:04.986,1.59516,1.59586,2.37,1.80
2011.02.15 20:45:05.620,1.59516,1.59576,2.37,1.58
2011.02.15 20:45:05.836,1.59517,1.59577,2.07,1.65
2011.02.15 20:45:06.686,1.59517,1.59577,2.07,1.73
2011.02.15 20:45:13.707,1.59514,1.59576,2.44,1.73
2011.02.15 20:45:13.816,1.59509,1.59576,3.68,1.73
2011.02.15 20:45:15.576,1.59514,1.59576,2.25,1.80
2011.02.15 20:45:17.887,1.59514,1.59567,1.50,1.88
2011.02.15 20:45:18.608,1.59508,1.59567,2.25,1.65
2011.02.15 20:45:19.563,1.59508,1.59567,2.25,2.10
2011.02.15 20:45:20.336,1.59508,1.59567,2.25,1.65
2011.02.15 20:45:20.667,1.59502,1.59563,1.69,1.58
2011.02.15 20:45:21.626,1.59502,1.59574,1.69,1.73
2011.02.15 20:45:22.586,1.59503,1.59579,2.37,1.84
2011.02.15 20:45:23.699,1.59503,1.59579,2.37,1.84
2011.02.15 20:45:24.654,1.59503,1.59579,2.37,1.92
2011.02.15 20:45:26.526,1.59503,1.59579,2.44,2.59
2011.02.15 20:45:27.506,1.59503,1.59578,2.37,1.05
2011.02.15 20:45:30.677,1.59513,1.59579,1.69,2.40
2011.02.15 20:45:30.787,1.59528,1.5958,1.50,1.35
2011.02.15 20:45:31.118,1.59513,1.59578,1.69,1.05
2011.02.15 20:45:31.547,1.59513,1.5958,1.69,2.78
2011.02.15 20:45:32.584,1.59502,1.5958,2.37,2.22
2011.02.15 20:45:33.137,1.59509,1.59579,1.69,1.65
2011.02.15 20:45:33.687,1.59509,1.59579,1.69,1.65
2011.02.15 20:45:34.386,1.59509,1.59579,1.69,2.03
2011.02.15 20:45:35.694,1.59509,1.59579,1.69,1.65
2011.02.15 20:45:45.727,1.59514,1.59579,3.57,1.58
2011.02.15 20:45:45.947,1.59517,1.59585,1.32,1.05
2011.02.15 20:45:46.751,1.59517,1.5958,1.32,1.95
2011.02.15 20:45:48.677,1.59518,1.5958,1.13,2.03
2011.02.15 20:45:49.209,1.59518,1.5958,1.13,1.65
2011.02.15 20:45:52.397,1.59518,1.5958,1.13,1.73
2011.02.15 20:45:52.506,1.59514,1.5958,3.19,1.65
2011.02.15 20:45:59.326,1.59514,1.59579,2.82,1.65
2011.02.15 20:46:12.367,1.59518,1.59579,1.13,1.58
2011.02.15 20:46:12.588,1.59529,1.59585,1.50,2.48
2011.02.15 20:46:12.918,1.59518,1.5958,1.50,1.65
2011.02.15 20:46:17.511,1.59518,1.5958,1.50,1.58
2011.02.15 20:46:17.728,1.59528,1.5958,1.50,1.65
2011.02.15 20:46:18.277,1.59518,1.5958,1.50,1.65
2011.02.15 20:46:19.760,1.59518,1.5958,1.50,2.03
2011.02.15 20:46:24.708,1.59518,1.5958,1.50,1.65
2011.02.15 20:46:24.818,1.59518,1.5958,1.50,1.65
2011.02.15 20:46:24.928,1.59529,1.59585,1.50,1.80
2011.02.15 20:46:25.148,1.59517,1.59579,1.69,1.58
2011.02.15 20:46:25.258,1.59517,1.59579,1.69,1.65
2011.02.15 20:46:27.847,1.59514,1.5957,1.32,1.58
2011.02.15 20:46:28.430,1.59514,1.5958,2.82,2.10
2011.02.15 20:46:29.052,1.59514,1.5958,2.82,2.03
2011.02.15 20:46:29.501,1.59514,1.5958,2.82,2.10
2011.02.15 20:46:29.870,1.59514,1.5958,2.82,2.03
2011.02.15 20:46:30.087,1.59514,1.59584,2.82,2.48
2011.02.15 20:46:30.196,1.59529,1.59585,1.50,2.48
2011.02.15 20:46:30.866,1.59529,1.59585,1.88,1.73
2011.02.15 20:46:36.048,1.59529,1.59585,1.88,1.65
2011.02.15 20:46:36.158,1.59529,1.59585,1.50,1.73
2011.02.15 20:46:36.266,1.59529,1.59585,1.50,1.65
2011.02.15 20:46:36.378,1.59529,1.59585,1.50,1.95
2011.02.15 20:46:38.447,1.59529,1.59585,1.50,1.65
2011.02.15 20:46:38.996,1.59521,1.59594,1.50,2.18
2011.02.15 20:46:39.537,1.59521,1.59584,1.50,1.73
2011.02.15 20:46:39.756,1.59529,1.59585,1.50,1.65
2011.02.15 20:46:41.970,1.59529,1.59585,1.50,1.73
2011.02.15 20:46:42.431,1.59529,1.59585,2.25,1.73
2011.02.15 20:46:42.536,1.59529,1.59585,2.25,1.65
2011.02.15 20:46:43.246,1.59529,1.59585,2.25,1.73
2011.02.15 20:46:43.356,1.59529,1.59585,1.50,1.73
2011.02.15 20:46:45.497,1.59517,1.59584,1.50,1.73
2011.02.15 20:46:45.731,1.59517,1.59584,1.58,1.65
2011.02.15 20:46:45.848,1.59517,1.59584,1.50,1.73
2011.02.15 20:46:49.342,1.5952,1.59584,1.50,1.73
2011.02.15 20:46:51.133,1.5952,1.59584,1.50,1.65
2011.02.15 20:46:51.686,1.5952,1.59593,1.50,2.18
2011.02.15 20:46:51.906,1.5952,1.59593,1.50,2.25
2011.02.15 20:46:59.356,1.5952,1.59583,1.50,1.73
2011.02.15 20:47:01.619,1.59521,1.59583,1.50,1.65
2011.02.15 20:47:02.267,1.59518,1.59583,1.50,1.99
2011.02.15 20:47:02.378,1.59515,1.59582,2.63,1.17
2011.02.15 20:47:04.716,1.59515,1.5957,1.13,1.65
2011.02.15 20:47:05.604,1.59515,1.5957,1.13,1.73
2011.02.15 20:47:05.718,1.59514,1.5957,1.13,1.73
2011.02.15 20:47:05.938,1.59514,1.5957,1.13,1.65
2011.02.15 20:47:06.048,1.59515,1.59572,1.88,1.50
2011.02.15 20:47:06.920,1.59515,1.59576,1.88,1.95
2011.02.15 20:47:07.246,1.59515,1.59576,2.63,1.73
2011.02.15 20:47:08.389,1.59515,1.59569,1.13,1.73
2011.02.15 20:47:18.508,1.59518,1.59569,1.50,1.73
2011.02.15 20:47:19.257,1.59518,1.59571,1.50,1.58
2011.02.15 20:47:19.477,1.5952,1.59576,1.13,1.73
2011.02.15 20:47:21.367,1.59523,1.59576,1.13,1.73
2011.02.15 20:47:21.480,1.59525,1.5958,2.25,1.58
2011.02.15 20:47:21.592,1.59525,1.59581,1.50,1.65
2011.02.15 20:47:21.917,1.59522,1.5958,1.88,1.95
2011.02.15 20:47:22.687,1.5952,1.5957,1.13,1.80
2011.02.15 20:47:24.789,1.5952,1.5957,1.13,1.73
2011.02.15 20:47:26.671,1.5952,1.5957,1.13,1.58
2011.02.15 20:47:26.997,1.5952,1.59575,1.13,3.15
2011.02.15 20:47:27.757,1.59522,1.5958,1.88,1.73
2011.02.15 20:47:27.979,1.5952,1.5957,1.13,1.65
2011.02.15 20:47:28.527,1.5952,1.59571,1.13,1.58
2011.02.15 20:47:29.407,1.59518,1.5957,1.50,1.65
2011.02.15 20:47:30.192,1.59518,1.5957,1.50,1.73
2011.02.15 20:47:31.407,1.59519,1.5957,1.50,1.73
2011.02.15 20:47:31.855,1.59519,1.5957,1.50,1.65
2011.02.15 20:47:35.260,1.59519,1.59576,1.50,1.73
2011.02.15 20:47:35.957,1.59519,1.59577,1.50,2.18
2011.02.15 20:47:36.287,1.59523,1.59579,1.50,2.18
2011.02.15 20:47:36.768,1.59523,1.59579,1.50,2.10
2011.02.15 20:47:36.877,1.59518,1.59577,1.50,2.10
2011.02.15 20:47:37.673,1.59519,1.59577,1.50,2.48
2011.02.15 20:47:41.418,1.5952,1.59577,1.13,2.10
2011.02.15 20:47:41.983,1.59522,1.5958,1.50,2.10
2011.02.15 20:47:53.277,1.59522,1.5958,1.50,1.80
2011.02.15 20:47:56.940,1.59522,1.5958,1.50,1.73
2011.02.15 20:47:57.047,1.5952,1.59577,1.13,1.73
2011.02.15 20:47:59.257,1.59523,1.59579,1.50,1.80
2011.02.15 20:48:05.149,1.59523,1.59579,1.50,1.73
2011.02.15 20:48:05.256,1.59518,1.59576,1.88,1.65
2011.02.15 20:48:05.477,1.59519,1.59576,1.50,1.73
2011.02.15 20:48:06.619,1.59519,1.59569,1.50,1.73
2011.02.15 20:48:09.547,1.59517,1.59569,1.13,1.73
2011.02.15 20:48:09.766,1.59517,1.59569,1.13,1.65
2011.02.15 20:48:11.643,1.59517,1.59569,1.13,1.95
2011.02.15 20:48:13.886,1.59518,1.59569,1.88,1.65
2011.02.15 20:48:14.107,1.59518,1.59572,1.88,1.65
2011.02.15 20:48:15.422,1.59519,1.59576,1.50,1.73
2011.02.15 20:48:16.218,1.59518,1.59576,1.88,1.73
2011.02.15 20:48:22.927,1.59522,1.5958,1.50,1.80
2011.02.15 20:48:24.727,1.59522,1.5958,1.50,2.10
2011.02.15 20:48:25.487,1.59522,1.5958,1.69,1.65
2011.02.15 20:48:31.567,1.59524,1.59581,1.69,1.58
2011.02.15 20:48:32.007,1.59518,1.5958,1.13,1.73
2011.02.15 20:48:33.817,1.59507,1.59573,2.44,1.65
2011.02.15 20:48:34.699,1.59507,1.59573,2.44,1.73
2011.02.15 20:48:39.537,1.59507,1.59573,2.44,1.73
2011.02.15 20:48:40.698,1.59506,1.59562,2.44,1.65
2011.02.15 20:48:41.949,1.59506,1.59562,2.44,1.73
2011.02.15 20:48:43.319,1.59506,1.59562,2.82,1.73
2011.02.15 20:48:47.102,1.59506,1.59562,2.82,1.80
2011.02.15 20:48:47.218,1.59506,1.59562,2.82,1.73
2011.02.15 20:48:47.641,1.59506,1.59562,1.88,1.73
2011.02.15 20:48:47.748,1.59506,1.59562,1.88,1.73
2011.02.15 20:48:48.707,1.59504,1.59561,1.88,1.73
2011.02.15 20:48:49.877,1.59504,1.59556,1.88,1.58
2011.02.15 20:48:49.989,1.59504,1.59556,1.88,1.65
2011.02.15 20:48:50.656,1.59504,1.59558,1.88,3.15
2011.02.15 20:48:51.426,1.59506,1.59562,1.50,1.80
2011.02.15 20:48:53.727,1.59506,1.59562,1.50,1.73
2011.02.15 20:48:54.477,1.59506,1.59562,1.50,1.80
2011.02.15 20:48:54.587,1.59503,1.59557,1.88,1.73
2011.02.15 20:48:55.247,1.59505,1.59559,1.50,1.65
2011.02.15 20:49:08.689,1.59504,1.59558,1.50,3.15
2011.02.15 20:49:09.596,1.59504,1.59558,1.50,3.23
2011.02.15 20:49:14.007,1.595,1.59558,2.82,3.23
2011.02.15 20:49:14.227,1.595,1.59558,2.82,3.15
2011.02.15 20:49:14.607,1.59505,1.59563,1.50,1.80
2011.02.15 20:49:14.919,1.59505,1.59563,1.50,1.95
2011.02.15 20:49:15.987,1.59505,1.59563,1.50,1.80
2011.02.15 20:49:16.427,1.59503,1.59557,1.88,1.80
2011.02.15 20:49:16.664,1.59506,1.59559,1.50,1.73
2011.02.15 20:49:17.996,1.59511,1.59566,1.50,2.78
2011.02.15 20:49:18.437,1.59511,1.59566,2.07,1.73
2011.02.15 20:49:19.017,1.59507,1.59563,1.32,1.80
2011.02.15 20:49:21.727,1.59507,1.59563,1.32,1.73
2011.02.15 20:49:23.779,1.59507,1.59563,1.32,1.80
2011.02.15 20:49:24.106,1.59505,1.59563,2.25,2.10
2011.02.15 20:49:24.906,1.595,1.59561,1.69,1.73
2011.02.15 20:49:26.119,1.595,1.59553,1.69,1.65
2011.02.15 20:49:26.337,1.59499,1.59553,1.32,1.65
2011.02.15 20:49:26.557,1.59506,1.59553,1.88,1.58
2011.02.15 20:49:26.997,1.59506,1.59562,1.88,1.95
2011.02.15 20:49:27.458,1.59506,1.59562,1.88,1.80
2011.02.15 20:49:27.757,1.59506,1.59562,1.50,2.10
2011.02.15 20:49:27.868,1.59498,1.59553,1.69,1.65
2011.02.15 20:49:28.087,1.59505,1.59563,1.88,1.80
2011.02.15 20:49:29.447,1.59499,1.59554,1.69,3.08
2011.02.15 20:49:29.776,1.595,1.59554,1.69,1.65
2011.02.15 20:49:30.977,1.59499,1.59553,1.69,3.23
2011.02.15 20:49:32.848,1.59499,1.59553,1.69,3.15
2011.02.15 20:49:33.237,1.59504,1.59553,1.50,3.23
2011.02.15 20:49:33.797,1.59504,1.59553,1.50,3.15
2011.02.15 20:49:35.429,1.59503,1.59553,1.50,3.23
2011.02.15 20:49:36.246,1.59503,1.59561,1.50,2.18
2011.02.15 20:49:36.360,1.59503,1.59561,1.50,2.10
2011.02.15 20:49:37.947,1.59506,1.59558,1.50,1.65
2011.02.15 20:49:39.556,1.59504,1.59553,1.50,1.65
2011.02.15 20:49:41.096,1.59504,1.59553,1.50,1.73
2011.02.15 20:49:42.257,1.59504,1.59556,1.50,1.58
2011.02.15 20:49:44.327,1.59506,1.59562,1.50,1.95
2011.02.15 20:49:45.549,1.59506,1.59562,1.50,1.80
2011.02.15 20:49:57.478,1.59506,1.59562,1.69,1.65
2011.02.15 20:50:00.019,1.59505,1.59563,2.07,1.58
2011.02.15 20:50:01.748,1.59501,1.59563,1.13,1.65
2011.02.15 20:50:02.187,1.59501,1.59554,1.13,1.50
2011.02.15 20:50:02.297,1.59501,1.59554,1.13,1.65
2011.02.15 20:50:03.263,1.59501,1.59554,1.13,1.80
2011.02.15 20:50:04.189,1.59501,1.59564,1.13,1.65
2011.02.15 20:50:04.890,1.59501,1.59564,1.13,1.58
2011.02.15 20:50:05.108,1.59513,1.59569,1.50,2.10
2011.02.15 20:50:05.658,1.59513,1.59569,1.50,2.33
2011.02.15 20:50:06.169,1.59513,1.59569,1.50,2.18
2011.02.15 20:50:06.758,1.59513,1.59569,1.50,2.25
2011.02.15 20:50:06.868,1.59498,1.59553,1.50,1.58
2011.02.15 20:50:07.640,1.59498,1.59553,1.50,1.65
2011.02.15 20:50:09.009,1.59498,1.59553,1.50,1.95
2011.02.15 20:50:09.118,1.59498,1.59553,1.50,1.80
2011.02.15 20:50:10.477,1.59498,1.59553,1.50,1.65
2011.02.15 20:50:10.807,1.59498,1.59563,3.00,2.40
2011.02.15 20:50:11.746,1.59498,1.59563,3.00,2.40
2011.02.15 20:50:12.253,1.59498,1.59562,3.00,1.05
2011.02.15 20:50:12.922,1.59498,1.59562,3.00,1.35
2011.02.15 20:50:14.649,1.59498,1.59553,1.50,1.65
2011.02.15 20:50:20.711,1.595,1.59554,1.13,1.73
2011.02.15 20:50:20.947,1.595,1.59554,1.13,1.65
2011.02.15 20:50:21.698,1.595,1.59554,1.13,1.95
2011.02.15 20:50:22.655,1.595,1.59554,1.13,1.80
2011.02.15 20:50:23.990,1.59503,1.59554,1.50,1.80
2011.02.15 20:50:24.099,1.59503,1.59554,1.50,1.73
2011.02.15 20:50:24.319,1.59506,1.59556,1.50,1.65
2011.02.15 20:50:24.537,1.59506,1.59562,1.50,1.65
2011.02.15 20:50:25.019,1.59507,1.59565,1.69,1.95
2011.02.15 20:50:25.284,1.59507,1.59574,2.44,1.65
2011.02.15 20:50:25.401,1.59507,1.59574,2.44,1.73
2011.02.15 20:50:25.729,1.59507,1.59574,2.44,1.65
2011.02.15 20:50:25.948,1.59513,1.59569,1.50,3.83
2011.02.15 20:50:26.279,1.59522,1.5958,1.50,2.55
2011.02.15 20:50:28.097,1.59522,1.59574,1.50,1.73
2011.02.15 20:50:28.206,1.59508,1.59574,2.44,1.73
2011.02.15 20:50:29.554,1.59508,1.59574,1.69,2.10
2011.02.15 20:50:35.590,1.59503,1.59564,1.32,1.65
2011.02.15 20:50:36.434,1.59502,1.59564,1.13,1.65
2011.02.15 20:50:37.548,1.59502,1.59553,1.13,1.80
2011.02.15 20:50:38.075,1.59498,1.59553,1.50,1.65
2011.02.15 20:50:38.187,1.59499,1.59553,1.50,1.65
2011.02.15 20:50:38.797,1.59499,1.59553,1.50,1.80
2011.02.15 20:50:39.359,1.59499,1.59553,1.50,1.80
2011.02.15 20:50:39.663,1.59498,1.59553,1.50,1.73
2011.02.15 20:50:40.206,1.59498,1.59553,1.50,1.73
2011.02.15 20:50:40.769,1.59498,1.59553,1.50,1.80
2011.02.15 20:50:42.325,1.59498,1.59553,1.50,1.80
2011.02.15 20:50:47.778,1.59498,1.59548,1.50,1.65
2011.02.15 20:50:47.888,1.59494,1.59548,1.32,1.65
2011.02.15 20:50:48.110,1.59494,1.59548,1.32,1.73
2011.02.15 20:50:48.706,1.59494,1.59548,1.32,1.95
2011.02.15 20:50:49.457,1.59494,1.59548,1.69,1.65
2011.02.15 20:50:50.419,1.59494,1.59548,1.69,1.95
2011.02.15 20:50:51.525,1.59494,1.59548,1.69,1.80
2011.02.15 20:50:52.852,1.59494,1.59548,1.69,1.65
2011.02.15 20:50:52.957,1.59498,1.59548,1.50,1.65
2011.02.15 20:50:53.288,1.59499,1.59555,3.00,1.95
2011.02.15 20:50:53.398,1.59501,1.5956,1.13,1.73
2011.02.15 20:50:53.728,1.59506,1.59562,1.50,1.80
2011.02.15 20:50:53.947,1.59501,1.5956,1.13,1.73
2011.02.15 20:50:55.028,1.59501,1.5956,1.13,1.73
2011.02.15 20:50:59.409,1.59501,1.5956,1.13,1.80
2011.02.15 20:50:59.957,1.59503,1.59556,1.13,1.58
2011.02.15 20:51:01.152,1.59503,1.59561,1.88,1.73
2011.02.15 20:51:01.697,1.59504,1.59561,1.50,1.73
2011.02.15 20:51:02.237,1.59506,1.59562,1.50,1.95
2011.02.15 20:51:30.573,1.59505,1.59563,1.50,2.10
2011.02.15 20:51:50.115,1.59505,1.59563,1.69,2.10
2011.02.15 20:51:50.227,1.59505,1.59563,1.69,1.65
2011.02.15 20:52:00.798,1.59504,1.59572,2.07,1.13
2011.02.15 20:52:01.238,1.59507,1.59566,1.69,1.73
2011.02.15 20:52:02.788,1.59507,1.59573,1.69,1.35
2011.02.15 20:52:03.337,1.59507,1.59573,1.69,1.05
2011.02.15 20:52:16.295,1.59507,1.59574,1.88,3.04
2011.02.15 20:52:16.517,1.59507,1.59562,1.88,1.73
2011.02.15 20:52:17.143,1.59498,1.59556,2.44,1.50
2011.02.15 20:52:18.547,1.59498,1.59556,2.44,1.65
2011.02.15 20:52:19.357,1.59498,1.59556,2.07,1.88
2011.02.15 20:52:27.529,1.59498,1.59558,2.07,2.48
2011.02.15 20:52:29.148,1.59498,1.59558,2.07,2.55
2011.02.15 20:52:29.769,1.59498,1.59556,1.69,1.73
2011.02.15 20:52:30.209,1.59498,1.59556,1.69,1.65
2011.02.15 20:52:30.860,1.59498,1.59556,1.69,1.65
2011.02.15 20:52:36.260,1.59498,1.59556,1.69,1.58
2011.02.15 20:52:44.637,1.59508,1.59556,1.50,1.58
2011.02.15 20:52:45.545,1.59508,1.59562,1.50,1.28
2011.02.15 20:52:48.928,1.59508,1.59563,1.69,1.35
2011.02.15 20:52:49.369,1.59513,1.59563,1.50,1.43
2011.02.15 20:52:49.699,1.59507,1.59563,1.69,1.20
2011.02.15 20:52:52.538,1.59513,1.59564,1.50,1.35
2011.02.15 20:52:52.648,1.59513,1.59563,1.50,1.05
2011.02.15 20:52:53.878,1.59508,1.59564,1.69,2.85
2011.02.15 20:52:58.248,1.59512,1.59562,1.69,1.05
2011.02.15 20:52:59.556,1.59507,1.59564,2.44,2.78
2011.02.15 20:53:04.668,1.59513,1.59564,1.50,2.78
2011.02.15 20:53:05.437,1.59513,1.59566,1.50,1.65
2011.02.15 20:53:06.353,1.59513,1.59566,1.50,1.65
2011.02.15 20:53:07.590,1.59513,1.59562,1.50,1.05
2011.02.15 20:53:08.158,1.59513,1.59567,1.50,1.65
2011.02.15 20:53:08.268,1.59513,1.59562,1.50,1.05
2011.02.15 20:53:11.478,1.59513,1.59566,1.50,1.65
2011.02.15 20:53:12.336,1.59513,1.59566,1.50,1.73
2011.02.15 20:53:12.510,1.59513,1.59563,1.50,1.05
2011.02.15 20:53:13.062,1.59513,1.59563,1.50,1.05
2011.02.15 20:53:13.741,1.59508,1.59564,1.69,1.58
2011.02.15 20:53:15.021,1.59508,1.59564,1.69,1.65
2011.02.15 20:53:23.539,1.59508,1.59564,1.69,1.73
2011.02.15 20:53:28.018,1.59513,1.59564,1.50,1.65
2011.02.15 20:53:44.267,1.59513,1.59569,1.88,1.80
2011.02.15 20:53:45.088,1.59511,1.59564,1.69,1.73
2011.02.15 20:53:46.308,1.59511,1.59564,1.69,2.03
2011.02.15 20:53:50.389,1.59511,1.59564,1.50,1.73
2011.02.15 20:53:51.545,1.59511,1.59564,1.50,1.88
2011.02.15 20:53:59.458,1.5951,1.59564,1.13,1.88
2011.02.15 20:54:07.628,1.5951,1.59564,1.13,1.73
2011.02.15 20:54:08.307,1.5951,1.59564,1.13,1.65
2011.02.15 20:54:08.631,1.5951,1.59564,1.13,1.73
2011.02.15 20:54:12.659,1.59508,1.59564,1.50,1.58
2011.02.15 20:54:12.877,1.59514,1.59572,1.50,2.10
2011.02.15 20:54:13.257,1.59514,1.59572,1.50,2.10
2011.02.15 20:54:27.518,1.59514,1.59566,1.50,1.65
2011.02.15 20:54:30.628,1.59514,1.59572,1.50,1.58
2011.02.15 20:54:35.087,1.59514,1.59572,2.25,1.58
2011.02.15 20:54:44.707,1.59514,1.59572,3.75,2.03
2011.02.15 20:54:46.581,1.59512,1.59567,1.50,1.50
2011.02.15 20:54:47.017,1.59512,1.59568,1.50,1.80
2011.02.15 20:54:49.888,1.59512,1.59567,1.50,1.65
2011.02.15 20:54:52.658,1.59518,1.59575,1.88,2.03
2011.02.15 20:54:53.679,1.59518,1.59575,1.88,1.80
2011.02.15 20:54:54.614,1.59518,1.59575,1.88,1.73
2011.02.15 20:54:57.937,1.59518,1.59575,2.63,1.73
2011.02.15 20:55:00.486,1.59519,1.59575,1.50,1.73
2011.02.15 20:55:00.921,1.59528,1.59575,1.50,1.80
2011.02.15 20:55:01.028,1.59523,1.59575,1.50,1.80
2011.02.15 20:55:01.138,1.59523,1.59575,1.50,1.73
2011.02.15 20:55:01.247,1.59518,1.59575,3.38,1.65
2011.02.15 20:55:01.707,1.59523,1.59575,1.50,1.65
2011.02.15 20:55:02.578,1.59528,1.59575,1.50,1.88
2011.02.15 20:55:02.914,1.59519,1.59575,1.50,1.88
2011.02.15 20:55:03.028,1.59519,1.59575,1.50,1.80
2011.02.15 20:55:03.368,1.59519,1.59575,1.50,1.80
2011.02.15 20:55:03.870,1.59518,1.59574,1.88,1.05
2011.02.15 20:55:04.309,1.5951,1.59567,2.25,2.48
2011.02.15 20:55:05.386,1.5951,1.59567,2.25,3.23
2011.02.15 20:55:05.805,1.59513,1.59567,1.50,3.23
2011.02.15 20:55:07.371,1.59513,1.59564,1.50,1.73
2011.02.15 20:55:07.589,1.5951,1.59552,1.50,1.80
2011.02.15 20:55:07.927,1.59494,1.59547,3.00,1.65
2011.02.15 20:55:08.039,1.59494,1.59546,1.50,1.50
2011.02.15 20:55:09.468,1.59493,1.59547,1.50,3.38
2011.02.15 20:55:09.977,1.59494,1.59546,1.50,1.50
2011.02.15 20:55:10.497,1.59495,1.59547,1.50,1.88
2011.02.15 20:55:11.964,1.59495,1.59547,1.50,2.03
2011.02.15 20:55:12.895,1.59495,1.59547,1.50,1.95
2011.02.15 20:55:13.646,1.59495,1.59547,1.50,1.95
2011.02.15 20:55:14.889,1.59495,1.59547,1.50,1.88
2011.02.15 20:55:15.401,1.59495,1.59547,1.50,1.95
2011.02.15 20:55:16.729,1.59495,1.59547,1.50,2.18
2011.02.15 20:55:17.211,1.59495,1.59547,1.50,2.10
2011.02.15 20:55:18.225,1.59499,1.59547,2.70,1.35
2011.02.15 20:55:18.557,1.59526,1.59572,1.50,1.50
2011.02.15 20:55:18.668,1.59526,1.59577,1.50,1.58
2011.02.15 20:55:19.629,1.59526,1.59576,1.50,1.58
2011.02.15 20:55:20.618,1.59526,1.59576,1.50,1.58
2011.02.15 20:55:21.450,1.59526,1.59576,1.50,1.80
2011.02.15 20:55:22.782,1.59526,1.59576,1.50,1.65
2011.02.15 20:55:26.550,1.59526,1.59576,1.50,1.58
2011.02.15 20:55:27.545,1.59526,1.59577,1.50,1.80
2011.02.15 20:55:28.487,1.59526,1.59577,1.88,1.65
2011.02.15 20:55:31.447,1.59526,1.59577,1.88,1.73
2011.02.15 20:55:32.778,1.59526,1.59584,1.88,1.88
2011.02.15 20:55:32.894,1.59526,1.59584,1.88,1.73
2011.02.15 20:55:34.139,1.59526,1.59584,1.88,1.65
2011.02.15 20:55:35.426,1.59526,1.59584,1.88,1.73
2011.02.15 20:55:35.663,1.59526,1.59584,1.88,1.88
2011.02.15 20:55:38.063,1.59526,1.59584,1.88,2.03
2011.02.15 20:55:41.140,1.59526,1.59584,1.88,1.88
2011.02.15 20:55:41.689,1.59526,1.59584,1.88,2.03
2011.02.15 20:55:43.478,1.59526,1.59586,1.88,1.73
2011.02.15 20:55:43.768,1.59526,1.59586,1.88,1.80
2011.02.15 20:55:44.058,1.59526,1.59586,1.88,1.80
2011.02.15 20:55:44.168,1.59526,1.59586,1.88,1.73
2011.02.15 20:55:44.388,1.59526,1.59586,1.88,1.80
2011.02.15 20:55:45.152,1.59526,1.59586,1.88,1.73
2011.02.15 20:55:45.368,1.59535,1.59588,1.50,1.73
2011.02.15 20:55:45.477,1.59535,1.59593,1.50,3.12
2011.02.15 20:55:46.949,1.59535,1.59593,1.50,3.12
2011.02.15 20:55:47.681,1.59535,1.59593,1.50,3.12
2011.02.15 20:55:48.668,1.59535,1.59593,1.50,3.12
2011.02.15 20:55:52.276,1.59535,1.59593,1.50,4.62
2011.02.15 20:55:52.391,1.59535,1.59593,1.50,4.54
2011.02.15 20:55:56.459,1.59535,1.59593,1.50,3.12
2011.02.15 20:55:58.234,1.59535,1.59593,1.50,3.12
2011.02.15 20:55:58.424,1.59535,1.59593,1.88,2.74
