2014.03.26 05:00:00.094,1.84352,1.84374,1.00,1.00
2014.03.26 05:00:01.601,1.84352,1.84381,1.00,1.32
2014.03.26 05:00:02.039,1.84357,1.84384,1.00,1.49
2014.03.26 05:00:03.035,1.84357,1.84374,1.00,1.00
2014.03.26 05:00:04.906,1.84357,1.84379,1.00,1.13
2014.03.26 05:00:07.877,1.84348,1.8437,1.00,1.00
2014.03.26 05:00:08.180,1.84356,1.8437,1.00,1.00
2014.03.26 05:00:08.231,1.84356,1.84377,1.00,1.19
2014.03.26 05:00:08.332,1.84365,1.84374,1.00,1.19
2014.03.26 05:00:09.855,1.84357,1.84377,1.00,1.19
2014.03.26 05:00:09.906,1.84357,1.84378,1.00,1.00
2014.03.26 05:00:10.108,1.84366,1.84378,1.00,1.00
2014.03.26 05:00:10.578,1.84361,1.84374,1.00,1.00
2014.03.26 05:00:10.629,1.84361,1.84381,1.00,1.00
2014.03.26 05:00:15.575,1.84357,1.84381,1.00,1.00
2014.03.26 05:00:22.387,1.84355,1.84381,1.00,1.00
2014.03.26 05:00:31.385,1.84355,1.84381,1.19,1.00
2014.03.26 05:00:38.209,1.84355,1.84381,1.00,1.00
2014.03.26 05:00:41.303,1.84355,1.84381,1.19,1.00
2014.03.26 05:00:51.305,1.84355,1.84381,1.19,1.00
2014.03.26 05:01:10.674,1.84352,1.84384,1.19,1.00
2014.03.26 05:01:20.134,1.84357,1.84388,1.25,1.69
2014.03.26 05:01:20.835,1.84357,1.84387,1.00,1.19
2014.03.26 05:01:24.095,1.84357,1.84387,1.25,1.19
2014.03.26 05:01:26.294,1.84353,1.84383,1.19,1.00
2014.03.26 05:01:30.808,1.84353,1.84383,1.19,1.00
2014.03.26 05:01:33.927,1.84357,1.84388,1.19,1.69
2014.03.26 05:01:36.563,1.84357,1.84387,1.25,1.19
2014.03.26 05:01:40.843,1.84357,1.84387,1.00,1.19
2014.03.26 05:01:48.467,1.84357,1.84387,1.00,1.19
2014.03.26 05:01:55.187,1.84357,1.84387,1.25,1.19
2014.03.26 05:01:58.896,1.84362,1.84388,1.00,1.69
2014.03.26 05:02:01.409,1.84362,1.84388,1.00,1.69
2014.03.26 05:02:05.855,1.84362,1.84387,1.00,1.19
2014.03.26 05:02:16.659,1.84362,1.84387,1.00,1.69
2014.03.26 05:02:18.183,1.84362,1.84387,1.00,1.19
2014.03.26 05:02:21.297,1.84362,1.84387,1.00,1.25
2014.03.26 05:02:22.891,1.84362,1.84387,1.00,1.19
2014.03.26 05:02:24.883,1.84357,1.84387,1.25,1.19
2014.03.26 05:02:24.934,1.84357,1.84375,1.00,1.00
2014.03.26 05:02:28.584,1.84352,1.84375,1.00,1.00
2014.03.26 05:02:37.823,1.84357,1.84375,1.00,1.00
2014.03.26 05:02:44.533,1.84361,1.84375,1.00,1.00
2014.03.26 05:02:44.744,1.84361,1.84379,1.00,1.00
2014.03.26 05:02:53.139,1.84367,1.84379,1.00,1.00
2014.03.26 05:02:53.788,1.84367,1.84387,1.00,1.19
2014.03.26 05:02:53.889,1.84376,1.84387,1.00,1.19
2014.03.26 05:02:54.141,1.84375,1.84403,1.00,1.00
2014.03.26 05:02:54.192,1.84371,1.84399,1.69,1.00
2014.03.26 05:02:55.422,1.84371,1.84399,1.50,1.00
2014.03.26 05:02:56.553,1.84372,1.84399,1.00,1.00
2014.03.26 05:02:56.763,1.84372,1.84395,1.00,1.00
2014.03.26 05:02:56.864,1.84372,1.844,1.50,1.00
2014.03.26 05:02:57.134,1.84382,1.844,1.00,1.00
2014.03.26 05:02:59.114,1.84372,1.844,1.84,1.00
2014.03.26 05:02:59.266,1.84369,1.84395,1.19,1.00
2014.03.26 05:02:59.568,1.84368,1.84392,1.19,1.00
2014.03.26 05:03:00.255,1.84367,1.84392,1.00,1.00
2014.03.26 05:03:00.356,1.84367,1.84388,1.00,1.00
2014.03.26 05:03:01.112,1.84362,1.84388,1.19,1.00
2014.03.26 05:03:01.213,1.84362,1.84388,1.19,1.88
2014.03.26 05:03:01.602,1.84358,1.84381,1.19,1.00
2014.03.26 05:03:02.834,1.84371,1.84381,1.00,1.00
2014.03.26 05:03:02.886,1.84371,1.84388,1.00,1.38
2014.03.26 05:03:02.987,1.84371,1.84391,1.00,2.07
2014.03.26 05:03:03.088,1.84376,1.84391,1.00,1.57
2014.03.26 05:03:04.682,1.84376,1.84394,1.00,1.19
2014.03.26 05:03:05.572,1.84372,1.84394,1.00,1.19
2014.03.26 05:03:07.674,1.84372,1.84395,1.00,1.19
2014.03.26 05:03:11.402,1.84376,1.84395,1.00,1.19
2014.03.26 05:03:12.612,1.84372,1.84395,1.00,1.19
2014.03.26 05:03:17.894,1.84372,1.84395,1.00,1.69
2014.03.26 05:03:27.066,1.84377,1.84395,1.00,1.69
2014.03.26 05:03:27.117,1.84377,1.84395,1.00,1.19
2014.03.26 05:03:28.249,1.84377,1.84398,1.00,1.19
2014.03.26 05:03:30.208,1.84377,1.84398,1.00,1.19
2014.03.26 05:03:34.943,1.84377,1.84398,1.00,1.00
2014.03.26 05:03:37.581,1.84381,1.84398,1.00,1.00
2014.03.26 05:03:44.156,1.84381,1.84402,1.00,1.00
2014.03.26 05:04:10.031,1.84382,1.84402,1.00,1.00
2014.03.26 05:04:10.595,1.84387,1.84402,1.00,1.00
2014.03.26 05:04:11.120,1.84395,1.84402,1.00,1.00
2014.03.26 05:04:13.551,1.84381,1.84402,1.00,1.00
2014.03.26 05:04:26.307,1.84381,1.84402,1.38,1.00
2014.03.26 05:04:26.509,1.84392,1.84415,1.00,1.25
2014.03.26 05:04:31.391,1.84393,1.84415,1.20,1.00
2014.03.26 05:04:31.894,1.84393,1.84421,1.65,1.19
2014.03.26 05:04:34.328,1.84393,1.84421,1.65,1.00
2014.03.26 05:04:40.752,1.84396,1.84421,1.00,1.00
2014.03.26 05:04:40.904,1.84393,1.84421,1.65,1.00
2014.03.26 05:04:41.214,1.84401,1.84421,1.00,1.00
2014.03.26 05:04:52.650,1.84393,1.84421,1.00,1.00
2014.03.26 05:04:52.902,1.84392,1.84417,1.00,1.00
2014.03.26 05:04:53.369,1.84392,1.84413,1.00,1.00
2014.03.26 05:04:56.185,1.84392,1.84417,1.00,1.00
2014.03.26 05:04:57.984,1.84393,1.84421,1.00,1.00
2014.03.26 05:04:58.135,1.84401,1.84421,1.00,1.00
2014.03.26 05:04:58.186,1.84401,1.84423,1.00,1.25
2014.03.26 05:05:02.588,1.84401,1.84428,1.00,1.19
2014.03.26 05:05:02.689,1.84412,1.84431,1.00,1.19
2014.03.26 05:05:03.083,1.84406,1.84431,1.00,1.19
2014.03.26 05:05:03.644,1.84411,1.84431,1.00,1.19
2014.03.26 05:05:08.274,1.84411,1.84432,1.00,1.00
2014.03.26 05:05:09.282,1.84411,1.84432,1.34,1.00
2014.03.26 05:05:09.433,1.84421,1.84441,1.00,1.38
2014.03.26 05:05:09.585,1.84421,1.84443,1.00,1.00
2014.03.26 05:05:09.636,1.84421,1.84447,1.00,1.00
2014.03.26 05:05:09.737,1.84421,1.84441,1.00,1.00
2014.03.26 05:05:09.838,1.84416,1.84441,1.19,1.00
2014.03.26 05:05:09.939,1.84416,1.84437,1.19,1.00
2014.03.26 05:05:11.129,1.84416,1.84437,1.00,1.00
2014.03.26 05:05:14.287,1.84416,1.84437,1.00,1.19
2014.03.26 05:05:15.480,1.84416,1.84437,1.00,1.00
2014.03.26 05:05:20.655,1.84416,1.8444,1.00,1.00
2014.03.26 05:05:21.432,1.84412,1.84438,1.84,1.00
2014.03.26 05:05:22.504,1.84415,1.84438,1.20,1.00
2014.03.26 05:05:31.040,1.84416,1.84438,1.00,1.00
2014.03.26 05:05:31.414,1.84416,1.84433,1.00,1.00
2014.03.26 05:05:38.934,1.84412,1.84433,1.20,1.00
2014.03.26 05:05:40.870,1.84416,1.84437,1.00,1.19
2014.03.26 05:05:41.173,1.84421,1.84436,1.20,1.19
2014.03.26 05:05:41.224,1.84413,1.84436,1.20,1.19
2014.03.26 05:05:41.325,1.84413,1.84432,1.20,1.00
2014.03.26 05:05:41.476,1.84408,1.84432,1.20,1.00
2014.03.26 05:05:46.150,1.84412,1.84432,1.00,1.00
2014.03.26 05:05:46.452,1.8442,1.84435,1.20,1.00
2014.03.26 05:05:46.503,1.8442,1.84437,1.20,1.00
2014.03.26 05:05:46.604,1.84418,1.84441,1.20,1.00
2014.03.26 05:05:49.721,1.8442,1.84441,1.20,1.00
2014.03.26 05:05:51.552,1.84422,1.84441,1.20,1.00
2014.03.26 05:05:51.897,1.8442,1.84441,1.20,1.00
2014.03.26 05:05:56.862,1.84421,1.84441,1.20,1.00
2014.03.26 05:05:58.365,1.84417,1.84441,1.84,1.00
2014.03.26 05:06:06.931,1.84417,1.84441,1.00,1.00
2014.03.26 05:06:07.034,1.84417,1.84438,1.00,1.00
2014.03.26 05:06:08.225,1.84413,1.84438,1.09,1.00
2014.03.26 05:06:08.965,1.84411,1.84438,1.84,1.00
2014.03.26 05:06:14.231,1.84411,1.84438,1.84,1.00
2014.03.26 05:06:14.875,1.84411,1.84433,1.84,1.00
2014.03.26 05:06:18.353,1.84411,1.84433,1.65,1.00
2014.03.26 05:06:24.806,1.84411,1.84433,1.65,1.19
2014.03.26 05:06:24.957,1.84407,1.84433,1.00,1.19
2014.03.26 05:06:25.392,1.84403,1.84429,1.00,1.00
2014.03.26 05:06:25.442,1.84399,1.84427,1.19,1.00
2014.03.26 05:06:25.745,1.84397,1.84423,1.19,1.00
2014.03.26 05:06:28.291,1.84396,1.84423,1.00,1.00
2014.03.26 05:06:29.466,1.84402,1.84423,1.00,1.32
2014.03.26 05:06:29.769,1.84402,1.84419,1.00,1.00
2014.03.26 05:06:30.927,1.84396,1.84419,1.00,1.00
2014.03.26 05:06:51.599,1.84393,1.84419,1.00,1.00
2014.03.26 05:07:05.058,1.84393,1.84419,1.19,1.00
2014.03.26 05:07:05.568,1.84396,1.84422,1.00,1.32
2014.03.26 05:07:06.000,1.84392,1.84416,1.19,1.00
2014.03.26 05:07:06.259,1.84392,1.84416,1.00,1.00
2014.03.26 05:07:10.849,1.8439,1.84416,1.19,1.00
2014.03.26 05:07:11.871,1.8439,1.84416,1.00,1.00
2014.03.26 05:07:18.152,1.8439,1.84414,1.00,1.00
2014.03.26 05:07:18.628,1.8439,1.84416,1.00,1.00
2014.03.26 05:07:20.202,1.8439,1.84416,1.19,1.00
2014.03.26 05:07:21.490,1.84392,1.84416,1.00,1.00
2014.03.26 05:07:21.742,1.84396,1.84416,1.00,1.00
2014.03.26 05:07:21.843,1.8439,1.84416,1.19,1.00
2014.03.26 05:07:21.994,1.84386,1.84413,1.69,1.00
2014.03.26 05:07:24.418,1.84385,1.84413,1.00,1.19
2014.03.26 05:07:26.812,1.84381,1.84406,1.00,1.00
2014.03.26 05:07:54.048,1.84386,1.84406,1.00,1.00
2014.03.26 05:07:54.200,1.84386,1.84409,1.00,1.00
2014.03.26 05:07:56.027,1.84383,1.84409,1.00,1.00
2014.03.26 05:08:02.218,1.84383,1.84409,1.00,1.19
2014.03.26 05:08:03.208,1.84383,1.84403,1.00,1.00
2014.03.26 05:08:03.309,1.84377,1.84403,1.50,1.25
2014.03.26 05:08:03.410,1.84377,1.844,1.50,1.00
2014.03.26 05:08:03.716,1.84372,1.84398,1.19,1.00
2014.03.26 05:08:04.633,1.84372,1.84398,1.00,1.00
2014.03.26 05:08:04.735,1.84377,1.84398,1.00,1.00
2014.03.26 05:08:05.203,1.8437,1.84397,1.00,1.20
2014.03.26 05:08:05.304,1.84367,1.84394,1.25,1.00
2014.03.26 05:08:16.059,1.84372,1.84394,1.00,1.25
2014.03.26 05:08:19.829,1.84377,1.84394,1.00,1.00
2014.03.26 05:08:19.930,1.84377,1.844,1.00,1.19
2014.03.26 05:08:21.558,1.84372,1.844,1.19,1.19
2014.03.26 05:08:21.710,1.84369,1.84397,1.19,1.00
2014.03.26 05:08:22.701,1.84372,1.84397,1.00,1.00
2014.03.26 05:08:24.021,1.84372,1.84397,1.00,1.19
2014.03.26 05:08:35.609,1.84372,1.84397,1.00,1.19
2014.03.26 05:08:36.496,1.84373,1.844,1.00,1.32
2014.03.26 05:08:40.629,1.8437,1.84396,1.00,1.19
2014.03.26 05:08:40.831,1.84367,1.84393,1.19,1.00
2014.03.26 05:08:41.359,1.84371,1.84393,1.00,1.00
2014.03.26 05:08:41.624,1.84365,1.84393,1.25,1.50
2014.03.26 05:08:42.168,1.84366,1.84393,1.00,1.00
2014.03.26 05:08:44.219,1.84366,1.84393,1.19,1.00
2014.03.26 05:08:44.270,1.84372,1.84393,1.00,1.00
2014.03.26 05:08:50.832,1.84367,1.84393,1.19,1.00
2014.03.26 05:08:50.934,1.84365,1.84393,1.19,1.00
2014.03.26 05:08:51.087,1.84363,1.84391,1.32,1.00
2014.03.26 05:08:51.428,1.84367,1.84387,1.00,1.00
2014.03.26 05:08:52.640,1.84367,1.84391,1.00,2.25
2014.03.26 05:08:53.177,1.84366,1.84391,1.25,1.50
2014.03.26 05:08:53.228,1.84366,1.84391,1.00,1.69
2014.03.26 05:08:53.803,1.84367,1.84392,1.00,1.19
2014.03.26 05:08:54.340,1.84372,1.84392,1.00,1.69
2014.03.26 05:08:54.442,1.84372,1.84393,1.00,1.19
2014.03.26 05:08:54.556,1.84376,1.84393,1.00,1.19
2014.03.26 05:08:55.581,1.84376,1.844,1.50,1.39
2014.03.26 05:09:01.879,1.84376,1.844,1.50,1.39
2014.03.26 05:09:07.317,1.84376,1.84402,1.50,4.47
2014.03.26 05:09:09.688,1.84376,1.84401,1.00,1.32
2014.03.26 05:09:31.666,1.84376,1.844,1.00,1.69
2014.03.26 05:09:36.677,1.84376,1.84402,1.00,1.19
2014.03.26 05:09:40.229,1.84376,1.84401,1.00,1.19
2014.03.26 05:09:47.208,1.84376,1.844,1.00,1.69
2014.03.26 05:09:48.432,1.84376,1.84402,1.50,1.19
2014.03.26 05:09:50.876,1.84376,1.84402,1.50,1.84
2014.03.26 05:09:52.142,1.84378,1.84402,1.00,1.09
2014.03.26 05:09:52.586,1.84381,1.84402,1.00,1.09
2014.03.26 05:09:53.042,1.84382,1.84407,1.00,1.39
2014.03.26 05:09:58.426,1.84382,1.84408,1.00,1.00
2014.03.26 05:10:00.129,1.84382,1.84408,1.00,1.19
2014.03.26 05:10:02.938,1.84382,1.84408,1.00,1.25
2014.03.26 05:10:03.573,1.84387,1.84408,1.00,1.25
2014.03.26 05:10:04.003,1.84388,1.84415,1.00,1.19
2014.03.26 05:10:14.198,1.84388,1.84414,1.00,1.39
2014.03.26 05:10:14.778,1.84392,1.84414,1.00,1.39
2014.03.26 05:10:18.957,1.84388,1.84415,1.00,1.84
2014.03.26 05:10:19.058,1.84386,1.84412,1.50,1.19
2014.03.26 05:10:19.310,1.84392,1.8441,1.00,1.84
2014.03.26 05:10:19.512,1.84392,1.84412,1.00,1.25
2014.03.26 05:10:20.876,1.84386,1.84412,1.50,1.25
2014.03.26 05:10:21.027,1.8439,1.84416,1.00,1.19
2014.03.26 05:10:21.353,1.84394,1.8442,1.00,1.19
2014.03.26 05:10:22.024,1.84398,1.8442,1.00,1.19
2014.03.26 05:10:26.608,1.84398,1.84424,1.00,1.19
2014.03.26 05:10:40.166,1.84398,1.84424,1.00,1.00
2014.03.26 05:10:40.720,1.84401,1.84429,1.00,1.69
2014.03.26 05:10:41.022,1.84405,1.84428,1.00,1.19
2014.03.26 05:10:44.456,1.84405,1.84431,1.00,1.63
2014.03.26 05:10:45.706,1.84405,1.84431,1.00,1.00
2014.03.26 05:10:47.346,1.84407,1.84431,1.00,1.00
2014.03.26 05:10:47.447,1.84407,1.84435,2.25,1.19
2014.03.26 05:10:47.548,1.84414,1.84438,1.00,1.19
2014.03.26 05:10:47.898,1.84417,1.84438,1.00,1.19
2014.03.26 05:10:47.999,1.84414,1.84438,1.00,1.19
2014.03.26 05:10:48.315,1.84412,1.84438,1.00,1.19
2014.03.26 05:10:51.162,1.84408,1.84436,1.00,1.00
2014.03.26 05:10:51.536,1.84412,1.84438,1.00,2.07
2014.03.26 05:10:56.662,1.84408,1.84436,1.00,1.00
2014.03.26 05:10:58.401,1.84408,1.84436,1.00,1.19
2014.03.26 05:10:58.943,1.84408,1.84433,1.00,1.00
2014.03.26 05:11:00.303,1.84408,1.84433,1.00,1.19
2014.03.26 05:11:04.714,1.84408,1.84433,1.00,1.19
2014.03.26 05:11:09.788,1.84405,1.84431,1.00,1.69
2014.03.26 05:11:15.545,1.84405,1.8443,1.00,1.19
2014.03.26 05:11:19.690,1.84405,1.84429,1.00,1.19
2014.03.26 05:11:21.307,1.84405,1.84431,1.00,1.00
2014.03.26 05:11:26.844,1.84405,1.84431,1.00,1.63
2014.03.26 05:11:26.995,1.84405,1.84427,1.00,1.00
2014.03.26 05:11:27.046,1.84402,1.84427,1.00,1.00
2014.03.26 05:11:27.310,1.84397,1.84425,1.57,1.00
2014.03.26 05:11:28.450,1.84397,1.84425,1.00,1.00
2014.03.26 05:11:31.714,1.84397,1.84425,1.00,1.69
2014.03.26 05:11:37.125,1.84397,1.84425,1.00,1.69
2014.03.26 05:11:41.646,1.84397,1.84424,1.00,1.19
2014.03.26 05:11:44.294,1.84395,1.84421,1.65,1.00
2014.03.26 05:11:50.063,1.84397,1.84421,1.00,1.69
2014.03.26 05:11:50.181,1.84395,1.84421,1.00,1.69
2014.03.26 05:11:51.574,1.84397,1.84421,1.00,1.00
2014.03.26 05:11:51.726,1.84398,1.84425,1.20,1.00
2014.03.26 05:11:51.953,1.84398,1.84423,1.20,1.00
2014.03.26 05:11:52.126,1.84398,1.84425,1.20,1.00
2014.03.26 05:11:55.538,1.84398,1.84419,1.20,1.00
2014.03.26 05:11:55.646,1.84401,1.84425,1.00,1.00
2014.03.26 05:11:58.407,1.84401,1.84425,1.00,1.19
2014.03.26 05:11:59.950,1.84397,1.84425,1.00,1.19
2014.03.26 05:12:00.193,1.84402,1.84425,1.00,1.19
2014.03.26 05:12:04.533,1.84402,1.84425,1.00,1.00
2014.03.26 05:12:14.136,1.84402,1.84422,1.00,1.00
2014.03.26 05:12:14.187,1.84397,1.84422,1.00,1.00
2014.03.26 05:12:14.292,1.84393,1.84421,1.19,1.00
2014.03.26 05:12:16.336,1.84398,1.84424,1.00,1.00
2014.03.26 05:12:16.707,1.84401,1.84424,1.00,1.00
2014.03.26 05:12:21.795,1.84401,1.84424,1.00,1.19
2014.03.26 05:12:24.505,1.84401,1.84424,1.00,1.00
2014.03.26 05:12:29.938,1.84398,1.84424,1.00,1.00
2014.03.26 05:12:30.926,1.84398,1.84423,1.00,1.00
2014.03.26 05:12:31.419,1.84392,1.8442,1.88,1.00
2014.03.26 05:12:31.571,1.84397,1.8442,1.00,1.65
2014.03.26 05:12:31.888,1.84401,1.84423,1.00,1.00
2014.03.26 05:12:32.424,1.84397,1.84423,1.00,1.00
2014.03.26 05:12:40.565,1.84397,1.84419,1.00,1.00
2014.03.26 05:12:40.615,1.84392,1.84419,1.13,1.00
2014.03.26 05:12:40.666,1.84392,1.84419,1.00,1.88
2014.03.26 05:12:40.767,1.84389,1.84415,1.00,1.00
2014.03.26 05:12:41.856,1.84392,1.84418,1.00,1.63
2014.03.26 05:12:45.775,1.84392,1.84418,1.00,1.00
2014.03.26 05:12:46.114,1.84395,1.84421,1.00,1.19
2014.03.26 05:12:46.266,1.8439,1.84418,1.00,1.00
2014.03.26 05:12:48.315,1.84394,1.8442,1.00,1.25
2014.03.26 05:12:48.641,1.8439,1.84418,1.00,1.00
2014.03.26 05:12:51.125,1.8439,1.84418,1.00,1.84
2014.03.26 05:12:51.427,1.84387,1.8441,1.00,1.00
2014.03.26 05:12:51.578,1.84384,1.8441,1.00,1.00
2014.03.26 05:12:54.410,1.84392,1.84414,1.00,1.69
2014.03.26 05:12:58.261,1.84394,1.8442,1.00,1.00
2014.03.26 05:13:04.356,1.84394,1.8442,1.00,1.19
2014.03.26 05:13:04.509,1.8439,1.84416,1.00,1.00
2014.03.26 05:13:04.610,1.8439,1.84414,1.00,1.00
2014.03.26 05:13:04.812,1.84385,1.84413,1.00,1.00
2014.03.26 05:13:12.204,1.84385,1.84413,1.00,1.19
2014.03.26 05:13:24.908,1.84385,1.84413,1.00,1.19
2014.03.26 05:13:25.433,1.84386,1.84413,1.00,1.19
2014.03.26 05:13:25.751,1.84388,1.84416,1.00,1.19
2014.03.26 05:13:26.144,1.84388,1.84416,1.00,1.19
2014.03.26 05:13:32.454,1.84388,1.84413,1.00,1.00
2014.03.26 05:13:33.354,1.84388,1.84413,1.00,1.19
2014.03.26 05:13:36.575,1.84388,1.84415,1.00,1.25
2014.03.26 05:13:36.726,1.84392,1.84418,1.00,1.57
2014.03.26 05:13:36.930,1.84388,1.84416,1.00,1.19
2014.03.26 05:13:37.041,1.84394,1.8442,1.00,2.44
2014.03.26 05:13:38.619,1.84394,1.8442,1.00,1.19
2014.03.26 05:13:41.855,1.84394,1.84419,1.00,1.19
2014.03.26 05:13:47.774,1.84394,1.8442,1.00,1.25
2014.03.26 05:13:50.772,1.84394,1.8442,1.00,1.19
2014.03.26 05:13:54.302,1.84394,1.84418,1.00,1.00
2014.03.26 05:13:54.453,1.84394,1.84415,1.00,1.20
2014.03.26 05:13:56.832,1.84394,1.84408,1.00,1.00
2014.03.26 05:13:56.983,1.8439,1.84408,1.00,1.00
2014.03.26 05:13:57.084,1.84387,1.84408,1.00,1.00
2014.03.26 05:13:57.415,1.84387,1.84411,1.00,1.20
2014.03.26 05:13:57.516,1.84387,1.84413,1.00,1.00
2014.03.26 05:13:57.720,1.8439,1.84414,1.00,1.00
2014.03.26 05:13:58.060,1.84393,1.84414,1.00,1.00
2014.03.26 05:14:00.952,1.8439,1.84414,1.00,1.00
2014.03.26 05:14:01.122,1.8439,1.84408,1.00,1.00
2014.03.26 05:14:01.386,1.8439,1.84413,1.00,1.00
2014.03.26 05:14:01.487,1.84393,1.84413,1.00,1.00
2014.03.26 05:14:02.805,1.84389,1.84413,1.00,1.00
2014.03.26 05:14:08.413,1.84384,1.84408,1.25,1.00
2014.03.26 05:14:08.823,1.84384,1.84399,1.00,1.00
2014.03.26 05:14:09.176,1.84378,1.84402,1.19,1.00
2014.03.26 05:14:09.865,1.84382,1.84403,1.19,1.00
2014.03.26 05:14:11.235,1.84382,1.84403,1.00,1.00
2014.03.26 05:14:16.633,1.84382,1.84408,1.00,2.07
2014.03.26 05:14:18.640,1.84382,1.84403,1.00,1.00
2014.03.26 05:14:43.361,1.84382,1.84408,1.00,1.50
2014.03.26 05:14:46.515,1.84382,1.84408,1.00,1.69
2014.03.26 05:14:50.189,1.84378,1.84406,1.00,1.19
2014.03.26 05:15:03.650,1.84378,1.84406,1.00,1.00
2014.03.26 05:15:11.851,1.84378,1.84404,1.00,1.00
2014.03.26 05:15:21.322,1.84378,1.84406,1.00,1.19
2014.03.26 05:15:21.681,1.84378,1.84399,1.00,1.00
2014.03.26 05:15:22.761,1.84378,1.84406,1.00,1.19
2014.03.26 05:15:23.334,1.84378,1.84406,1.00,1.19
2014.03.26 05:15:26.692,1.84378,1.84406,1.00,1.19
2014.03.26 05:15:27.860,1.84378,1.84399,1.00,1.00
2014.03.26 05:15:28.013,1.84374,1.84399,1.00,1.00
2014.03.26 05:15:28.366,1.8437,1.84398,1.25,1.00
2014.03.26 05:15:32.187,1.8437,1.84398,1.00,1.19
2014.03.26 05:15:42.248,1.8437,1.84398,1.00,1.19
2014.03.26 05:15:46.636,1.8437,1.84398,1.00,1.69
2014.03.26 05:15:52.759,1.8437,1.84398,1.00,1.19
2014.03.26 05:15:58.391,1.8437,1.84398,1.00,1.00
2014.03.26 05:15:58.600,1.84374,1.844,1.00,1.25
2014.03.26 05:16:01.191,1.84374,1.84398,1.00,1.00
2014.03.26 05:16:01.242,1.8437,1.84398,1.00,1.50
2014.03.26 05:16:06.704,1.8437,1.84398,1.00,1.69
2014.03.26 05:16:10.415,1.8437,1.84398,1.00,1.69
2014.03.26 05:16:13.035,1.8437,1.84394,1.00,1.00
2014.03.26 05:16:13.175,1.8437,1.84398,1.00,1.00
2014.03.26 05:16:16.572,1.8437,1.84389,1.00,1.00
2014.03.26 05:16:17.462,1.8437,1.84398,1.00,1.50
2014.03.26 05:16:18.548,1.8437,1.84398,1.00,1.69
2014.03.26 05:16:21.703,1.8437,1.84398,1.00,2.82
2014.03.26 05:16:21.804,1.84367,1.84394,1.00,1.25
2014.03.26 05:16:23.082,1.84371,1.84394,1.00,1.25
2014.03.26 05:16:28.509,1.84367,1.84394,1.00,1.00
2014.03.26 05:16:30.205,1.84367,1.84394,1.00,1.19
2014.03.26 05:16:31.924,1.84367,1.84394,1.00,1.19
2014.03.26 05:16:34.301,1.84366,1.84384,1.00,1.00
2014.03.26 05:16:34.353,1.8436,1.84384,1.47,1.00
2014.03.26 05:16:34.454,1.84357,1.84381,1.50,1.00
2014.03.26 05:16:34.555,1.84352,1.8438,1.19,1.00
2014.03.26 05:16:34.656,1.84357,1.8438,1.00,1.00
2014.03.26 05:16:34.807,1.84357,1.84384,1.65,1.00
2014.03.26 05:16:35.649,1.84361,1.84387,1.00,1.00
2014.03.26 05:16:40.882,1.84361,1.84387,1.00,1.19
2014.03.26 05:16:45.681,1.84361,1.84387,1.00,1.00
2014.03.26 05:16:46.480,1.84362,1.84387,1.00,1.00
2014.03.26 05:16:51.790,1.84361,1.84387,1.00,1.00
2014.03.26 05:16:57.841,1.84361,1.84383,1.00,1.00
2014.03.26 05:17:01.581,1.84361,1.84387,1.00,1.00
2014.03.26 05:17:04.881,1.84361,1.84383,1.00,1.00
2014.03.26 05:17:05.321,1.84361,1.84387,1.00,1.00
2014.03.26 05:17:05.790,1.84357,1.84385,1.69,1.00
2014.03.26 05:17:08.348,1.84357,1.84385,1.69,1.00
2014.03.26 05:17:12.298,1.8436,1.84387,1.25,1.20
2014.03.26 05:17:15.279,1.8436,1.84386,1.00,1.20
2014.03.26 05:17:15.781,1.8436,1.84386,1.19,1.20
2014.03.26 05:17:27.315,1.8436,1.84386,1.19,1.20
2014.03.26 05:17:32.726,1.8436,1.84386,1.19,1.20
2014.03.26 05:17:38.543,1.8436,1.84386,1.25,1.20
2014.03.26 05:17:55.827,1.8436,1.84388,1.00,1.69
2014.03.26 05:18:00.828,1.84364,1.84388,1.00,1.25
2014.03.26 05:18:04.159,1.84364,1.84388,1.00,1.19
2014.03.26 05:18:08.532,1.84364,1.8439,1.00,1.19
2014.03.26 05:18:09.669,1.84364,1.8439,1.00,1.19
2014.03.26 05:18:09.770,1.8436,1.84386,1.00,1.25
2014.03.26 05:18:09.990,1.84364,1.84389,1.00,1.39
2014.03.26 05:18:16.052,1.84364,1.84378,1.00,1.00
2014.03.26 05:18:16.254,1.84354,1.84378,1.19,1.00
2014.03.26 05:18:18.564,1.84354,1.84378,1.00,1.00
2014.03.26 05:18:20.058,1.84354,1.84382,1.00,1.19
2014.03.26 05:18:20.209,1.84359,1.84383,1.00,1.39
2014.03.26 05:18:20.774,1.84359,1.84386,1.00,1.39
2014.03.26 05:18:23.021,1.84359,1.84381,1.00,1.00
2014.03.26 05:18:23.072,1.84355,1.84381,1.25,1.50
2014.03.26 05:18:23.122,1.84355,1.84379,1.25,1.00
2014.03.26 05:18:23.499,1.84352,1.84373,1.19,1.00
2014.03.26 05:18:24.699,1.8435,1.84371,1.19,1.00
2014.03.26 05:18:24.984,1.84347,1.84371,1.00,1.25
2014.03.26 05:18:26.132,1.84347,1.8437,1.00,1.00
2014.03.26 05:18:26.633,1.84347,1.84372,1.00,1.19
2014.03.26 05:18:33.870,1.84347,1.84369,1.00,1.00
2014.03.26 05:18:50.246,1.84347,1.84372,1.00,1.19
2014.03.26 05:18:54.877,1.84347,1.84372,1.00,1.00
2014.03.26 05:19:04.736,1.84346,1.84372,1.00,1.19
2014.03.26 05:19:07.212,1.84346,1.84372,1.00,1.00
2014.03.26 05:19:20.156,1.84346,1.84372,1.00,1.19
2014.03.26 05:19:29.793,1.84346,1.84372,1.00,1.19
2014.03.26 05:19:31.146,1.84342,1.8437,1.00,1.25
2014.03.26 05:19:32.316,1.84346,1.8437,1.00,1.25
2014.03.26 05:19:43.725,1.84346,1.84367,1.00,1.00
2014.03.26 05:19:43.826,1.84346,1.84371,1.00,1.19
2014.03.26 05:19:45.290,1.84345,1.84371,1.00,1.19
2014.03.26 05:19:45.621,1.84347,1.84371,1.00,1.19
2014.03.26 05:19:47.144,1.84347,1.84371,1.00,1.00
2014.03.26 05:19:54.746,1.84345,1.84371,1.00,1.00
2014.03.26 05:19:56.176,1.84347,1.84371,1.00,1.00
2014.03.26 05:19:57.413,1.84347,1.84371,1.00,1.19
2014.03.26 05:20:00.003,1.84347,1.84371,1.00,1.00
2014.03.26 05:20:01.348,1.84352,1.84371,1.00,1.00
2014.03.26 05:20:01.499,1.84347,1.84371,1.00,1.00
2014.03.26 05:20:01.600,1.84351,1.84371,1.00,1.00
2014.03.26 05:20:01.651,1.84351,1.84376,1.00,1.19
2014.03.26 05:20:01.701,1.84357,1.84377,1.00,1.19
2014.03.26 05:20:02.337,1.84351,1.84377,1.00,1.19
2014.03.26 05:20:02.961,1.84351,1.84377,1.00,1.19
2014.03.26 05:20:04.318,1.84349,1.84377,1.00,1.19
2014.03.26 05:20:08.255,1.84349,1.84377,1.19,1.19
2014.03.26 05:20:09.009,1.84352,1.8438,1.00,1.19
2014.03.26 05:20:18.273,1.84352,1.8438,1.00,1.19
2014.03.26 05:20:19.734,1.84349,1.84375,1.69,1.00
2014.03.26 05:20:20.078,1.84349,1.84373,1.00,1.00
2014.03.26 05:20:33.167,1.84349,1.84368,1.00,1.00
2014.03.26 05:20:37.119,1.84349,1.84373,1.00,1.00
2014.03.26 05:20:43.176,1.84349,1.84373,1.00,1.19
2014.03.26 05:20:45.588,1.84349,1.84369,1.00,1.00
2014.03.26 05:20:49.546,1.84349,1.84373,1.00,1.19
2014.03.26 05:20:52.608,1.84349,1.84373,1.00,1.25
2014.03.26 05:21:02.346,1.84342,1.84369,1.19,1.00
2014.03.26 05:21:02.738,1.84342,1.84369,1.00,1.19
2014.03.26 05:21:03.445,1.84342,1.84369,1.00,1.00
2014.03.26 05:21:09.826,1.84348,1.84369,1.00,1.00
2014.03.26 05:21:10.267,1.84348,1.84374,1.00,2.07
2014.03.26 05:21:12.796,1.84348,1.84363,1.00,1.00
2014.03.26 05:21:12.897,1.8434,1.84363,1.58,1.00
2014.03.26 05:21:12.948,1.84338,1.84363,1.00,1.00
2014.03.26 05:21:13.256,1.84336,1.84363,1.84,1.00
2014.03.26 05:21:13.629,1.84334,1.84359,1.19,1.00
2014.03.26 05:21:16.295,1.84334,1.84359,1.00,1.25
2014.03.26 05:21:21.466,1.84331,1.84357,1.50,1.00
2014.03.26 05:21:23.262,1.84334,1.84359,1.00,1.00
2014.03.26 05:21:24.614,1.84334,1.84359,1.00,1.19
2014.03.26 05:21:25.096,1.84339,1.84359,1.00,1.19
2014.03.26 05:21:27.225,1.84339,1.84364,1.00,1.19
2014.03.26 05:21:31.569,1.84339,1.84364,1.00,1.19
2014.03.26 05:21:35.393,1.84339,1.84358,1.00,1.00
2014.03.26 05:21:35.444,1.84336,1.84358,1.00,1.00
2014.03.26 05:21:43.415,1.84336,1.84353,1.00,1.00
2014.03.26 05:21:43.516,1.8433,1.84353,1.25,1.00
2014.03.26 05:21:49.145,1.8433,1.84358,1.25,1.28
2014.03.26 05:21:53.898,1.8433,1.84358,1.19,1.28
2014.03.26 05:21:57.009,1.8433,1.84358,1.19,1.09
2014.03.26 05:22:06.855,1.8433,1.84353,1.19,1.00
2014.03.26 05:22:07.157,1.8433,1.84348,1.00,1.00
2014.03.26 05:22:07.208,1.84326,1.84348,1.19,1.34
2014.03.26 05:22:08.647,1.84322,1.84348,1.00,2.22
2014.03.26 05:22:08.845,1.84324,1.84348,1.20,2.22
2014.03.26 05:22:09.445,1.84327,1.84352,1.00,2.03
2014.03.26 05:22:10.757,1.84322,1.84348,1.00,1.84
2014.03.26 05:22:14.816,1.84326,1.84348,1.00,1.59
2014.03.26 05:22:15.374,1.84322,1.84349,2.03,1.53
2014.03.26 05:22:15.915,1.84321,1.84348,1.00,1.59
2014.03.26 05:22:18.206,1.84326,1.84348,1.00,1.34
2014.03.26 05:22:18.465,1.84321,1.84349,2.07,1.34
2014.03.26 05:22:19.384,1.84321,1.84349,2.07,1.34
2014.03.26 05:22:19.435,1.84326,1.84351,1.00,1.47
2014.03.26 05:22:27.089,1.84321,1.84349,2.22,1.84
2014.03.26 05:22:27.699,1.84321,1.84349,1.84,1.84
2014.03.26 05:22:27.853,1.84321,1.84338,1.84,1.00
2014.03.26 05:22:28.005,1.84309,1.84337,2.44,1.34
2014.03.26 05:22:28.106,1.84309,1.84333,1.19,1.38
2014.03.26 05:22:30.269,1.84309,1.84333,1.19,1.88
2014.03.26 05:22:36.939,1.84305,1.84333,1.19,1.50
2014.03.26 05:22:37.686,1.84309,1.84333,1.00,1.10
2014.03.26 05:22:38.493,1.84309,1.84333,1.00,1.19
2014.03.26 05:22:40.086,1.84306,1.84332,1.50,1.25
2014.03.26 05:22:40.616,1.84306,1.84332,1.00,1.19
2014.03.26 05:22:46.177,1.84306,1.84332,1.50,1.00
2014.03.26 05:22:46.390,1.8431,1.84334,1.00,1.50
2014.03.26 05:22:47.773,1.8431,1.84334,1.00,1.50
2014.03.26 05:22:52.882,1.8431,1.84334,1.00,1.50
2014.03.26 05:22:55.088,1.8431,1.84331,1.00,1.19
2014.03.26 05:23:02.436,1.84305,1.8433,1.00,1.19
2014.03.26 05:23:05.196,1.84309,1.84328,1.00,1.19
2014.03.26 05:23:05.503,1.84305,1.84328,1.00,1.19
2014.03.26 05:23:08.638,1.84305,1.8433,1.00,1.19
2014.03.26 05:23:14.806,1.84306,1.8433,1.00,1.19
2014.03.26 05:23:14.984,1.84309,1.84331,1.00,1.19
2014.03.26 05:23:16.929,1.84311,1.84331,1.00,1.19
2014.03.26 05:23:17.206,1.84312,1.84336,1.00,1.69
2014.03.26 05:23:18.658,1.84312,1.84334,1.00,1.19
2014.03.26 05:23:21.878,1.84312,1.84337,1.00,1.69
2014.03.26 05:23:21.929,1.84316,1.84338,1.00,1.69
2014.03.26 05:23:22.236,1.84312,1.84333,1.00,1.00
2014.03.26 05:23:24.364,1.84312,1.84337,1.00,1.19
2014.03.26 05:23:24.465,1.84317,1.84337,1.00,1.19
2014.03.26 05:23:24.659,1.84311,1.84337,1.13,1.19
2014.03.26 05:23:28.283,1.84311,1.84333,1.00,1.19
2014.03.26 05:23:29.727,1.84311,1.84334,1.00,1.19
2014.03.26 05:23:32.585,1.84316,1.84334,1.00,1.19
2014.03.26 05:23:32.736,1.84316,1.84336,1.00,1.69
2014.03.26 05:23:33.015,1.84311,1.84336,1.50,1.19
2014.03.26 05:23:38.727,1.84311,1.84333,1.00,1.19
2014.03.26 05:23:42.439,1.84311,1.84335,1.00,1.69
2014.03.26 05:23:45.971,1.84311,1.84334,1.00,1.19
2014.03.26 05:23:54.204,1.84311,1.84335,1.00,1.19
2014.03.26 05:24:02.984,1.84311,1.84334,1.00,1.19
2014.03.26 05:24:06.031,1.84311,1.84333,1.00,1.19
2014.03.26 05:24:17.232,1.84311,1.84334,1.00,1.19
2014.03.26 05:24:17.333,1.84316,1.84334,1.00,1.19
2014.03.26 05:24:17.702,1.84311,1.84334,1.00,1.19
2014.03.26 05:24:19.662,1.84317,1.84337,1.00,1.69
2014.03.26 05:24:19.965,1.84312,1.84337,1.00,1.19
2014.03.26 05:24:21.439,1.84312,1.84336,1.00,1.19
2014.03.26 05:24:23.191,1.84317,1.84338,1.00,2.14
2014.03.26 05:24:23.394,1.84312,1.84337,1.00,1.19
2014.03.26 05:24:25.871,1.84312,1.84335,1.00,1.19
2014.03.26 05:24:28.673,1.84312,1.84333,1.00,1.19
2014.03.26 05:24:28.985,1.84316,1.84333,1.00,1.19
2014.03.26 05:24:29.237,1.8431,1.84333,1.00,1.19
2014.03.26 05:24:30.323,1.8431,1.84334,1.00,1.19
2014.03.26 05:24:34.325,1.8431,1.8433,1.00,1.19
2014.03.26 05:24:37.697,1.8431,1.84332,1.00,1.69
2014.03.26 05:24:39.204,1.8431,1.84331,1.00,1.19
2014.03.26 05:24:55.122,1.84311,1.84332,1.00,1.19
2014.03.26 05:24:55.173,1.84316,1.84336,1.00,1.19
2014.03.26 05:24:55.393,1.8431,1.84336,1.00,1.19
2014.03.26 05:24:58.661,1.8431,1.84334,1.00,1.19
2014.03.26 05:25:04.400,1.8431,1.84333,1.00,1.19
2014.03.26 05:25:06.116,1.8431,1.84332,1.00,1.19
2014.03.26 05:25:13.538,1.8431,1.84329,1.00,1.19
2014.03.26 05:25:15.616,1.8431,1.84332,1.00,1.19
2014.03.26 05:25:17.523,1.8431,1.84333,1.00,1.19
2014.03.26 05:25:27.233,1.8431,1.84331,1.00,1.19
2014.03.26 05:25:40.374,1.8431,1.84333,1.00,1.19
2014.03.26 05:25:41.917,1.8431,1.84334,1.00,1.19
2014.03.26 05:25:49.205,1.84312,1.84334,1.00,1.19
2014.03.26 05:25:49.383,1.8431,1.84334,1.00,1.19
2014.03.26 05:25:57.082,1.84307,1.84335,1.00,1.19
2014.03.26 05:25:58.453,1.84307,1.84336,1.00,1.84
2014.03.26 05:25:59.133,1.84311,1.84336,1.00,1.69
2014.03.26 05:26:00.964,1.84311,1.84336,1.00,1.69
2014.03.26 05:26:01.593,1.84307,1.84336,1.00,1.69
2014.03.26 05:26:04.781,1.84312,1.84336,1.00,1.69
2014.03.26 05:26:11.686,1.84312,1.84336,1.00,2.44
2014.03.26 05:26:19.945,1.84312,1.84336,1.00,1.32
2014.03.26 05:26:31.524,1.84307,1.84335,1.00,1.19
2014.03.26 05:26:32.074,1.84315,1.84335,1.00,1.19
2014.03.26 05:26:32.439,1.84311,1.84337,1.00,2.59
2014.03.26 05:26:33.552,1.84311,1.84336,1.00,2.44
2014.03.26 05:26:35.485,1.84307,1.84333,1.00,1.19
2014.03.26 05:26:36.608,1.84307,1.84333,1.00,1.19
2014.03.26 05:26:37.877,1.84307,1.84333,1.00,1.19
2014.03.26 05:26:40.532,1.84312,1.84333,1.00,1.19
2014.03.26 05:26:43.499,1.84312,1.84333,1.00,1.19
2014.03.26 05:26:47.914,1.84312,1.84333,1.00,1.25
2014.03.26 05:26:53.629,1.84312,1.84333,1.00,1.19
2014.03.26 05:26:57.946,1.84312,1.84333,1.00,1.19
2014.03.26 05:27:00.351,1.84312,1.84333,1.00,1.19
2014.03.26 05:27:04.671,1.84312,1.84333,1.00,1.19
2014.03.26 05:27:06.881,1.84312,1.84332,1.00,1.19
2014.03.26 05:27:07.093,1.84304,1.8433,1.00,1.53
2014.03.26 05:27:07.143,1.84304,1.84329,1.00,1.80
2014.03.26 05:27:07.295,1.84301,1.84324,1.13,1.00
2014.03.26 05:27:07.396,1.84312,1.84326,1.00,1.73
2014.03.26 05:27:07.547,1.84312,1.84328,1.00,1.00
2014.03.26 05:27:07.898,1.84312,1.84324,1.00,1.19
2014.03.26 05:27:09.907,1.84312,1.84325,1.00,1.19
2014.03.26 05:27:11.366,1.84307,1.84325,1.00,1.19
2014.03.26 05:27:16.202,1.84307,1.84329,1.00,1.19
2014.03.26 05:27:19.927,1.84307,1.84327,1.00,1.19
2014.03.26 05:27:24.683,1.84307,1.8432,1.00,1.00
2014.03.26 05:27:24.735,1.84299,1.84319,1.00,1.19
2014.03.26 05:27:24.887,1.84297,1.84319,1.00,1.19
2014.03.26 05:27:26.053,1.84297,1.84316,1.00,1.19
2014.03.26 05:27:26.689,1.84302,1.84316,1.00,1.19
2014.03.26 05:27:28.330,1.84306,1.84316,1.00,1.19
2014.03.26 05:27:28.431,1.84306,1.84324,1.00,2.44
2014.03.26 05:27:29.280,1.84302,1.84324,1.00,1.19
2014.03.26 05:27:29.452,1.84302,1.84322,1.00,1.19
2014.03.26 05:27:33.812,1.84301,1.84322,1.00,1.19
2014.03.26 05:27:33.992,1.84301,1.84327,1.00,1.19
2014.03.26 05:27:34.143,1.84303,1.84327,1.00,1.69
2014.03.26 05:27:44.610,1.84311,1.84328,1.00,1.19
2014.03.26 05:27:44.711,1.84311,1.84331,1.00,1.19
2014.03.26 05:27:47.419,1.84311,1.8433,1.00,1.19
2014.03.26 05:27:52.397,1.84317,1.8433,1.00,1.19
2014.03.26 05:27:52.713,1.84312,1.8433,1.00,1.19
2014.03.26 05:27:52.865,1.84306,1.8433,1.00,1.19
2014.03.26 05:27:54.951,1.84301,1.84326,1.00,1.19
2014.03.26 05:27:55.153,1.84296,1.84315,1.00,1.20
2014.03.26 05:27:55.455,1.84296,1.84313,1.00,1.00
2014.03.26 05:27:55.644,1.84292,1.84313,1.25,1.00
2014.03.26 05:27:57.423,1.84292,1.84313,1.00,1.69
2014.03.26 05:28:00.434,1.84292,1.84309,1.00,1.19
2014.03.26 05:28:00.535,1.84287,1.84309,1.00,1.19
2014.03.26 05:28:01.203,1.84282,1.84306,1.00,1.20
2014.03.26 05:28:01.405,1.84277,1.84297,1.69,1.00
2014.03.26 05:28:01.456,1.84277,1.84297,1.00,1.00
2014.03.26 05:28:01.657,1.84269,1.84297,1.25,1.00
2014.03.26 05:28:01.758,1.84269,1.84295,1.25,1.00
2014.03.26 05:28:02.307,1.84269,1.84296,1.25,1.00
2014.03.26 05:28:02.845,1.84272,1.84295,1.00,1.00
2014.03.26 05:28:04.870,1.84272,1.84298,1.00,1.20
2014.03.26 05:28:04.971,1.84272,1.84298,1.00,1.84
2014.03.26 05:28:05.283,1.84281,1.84298,1.00,1.19
2014.03.26 05:28:05.595,1.84287,1.84298,1.00,1.19
2014.03.26 05:28:05.809,1.84285,1.84298,1.00,1.19
2014.03.26 05:28:07.353,1.84285,1.8431,1.00,1.19
2014.03.26 05:28:08.339,1.84287,1.8431,1.00,1.19
2014.03.26 05:28:08.760,1.84287,1.84305,1.00,1.19
2014.03.26 05:28:12.850,1.84285,1.84305,1.00,1.19
2014.03.26 05:28:13.097,1.84281,1.84305,1.38,1.19
2014.03.26 05:28:13.767,1.84281,1.84305,1.13,1.19
2014.03.26 05:28:14.327,1.84287,1.84305,1.00,1.19
2014.03.26 05:28:15.379,1.84282,1.84305,1.00,1.19
2014.03.26 05:28:15.927,1.84282,1.84304,1.00,1.19
2014.03.26 05:28:17.399,1.84282,1.84302,1.00,1.19
2014.03.26 05:28:18.349,1.84282,1.84297,1.00,1.65
2014.03.26 05:28:18.399,1.84273,1.84297,1.65,1.65
2014.03.26 05:28:18.624,1.84272,1.84297,1.43,1.65
2014.03.26 05:28:21.908,1.84272,1.84296,1.00,1.19
2014.03.26 05:28:24.579,1.84271,1.84293,1.73,1.00
2014.03.26 05:28:25.197,1.84272,1.84296,1.00,1.19
2014.03.26 05:28:28.058,1.84272,1.84297,1.00,1.69
2014.03.26 05:28:28.109,1.84275,1.84297,1.00,1.19
2014.03.26 05:28:28.411,1.84281,1.84297,1.00,1.19
2014.03.26 05:28:35.150,1.84281,1.84299,1.00,1.19
2014.03.26 05:28:35.510,1.84287,1.84299,1.00,1.19
2014.03.26 05:28:35.952,1.84282,1.84299,1.00,1.19
2014.03.26 05:28:38.332,1.84285,1.84299,1.00,1.19
2014.03.26 05:28:38.383,1.84286,1.84304,1.00,1.69
2014.03.26 05:28:41.149,1.84292,1.84304,1.00,1.19
2014.03.26 05:28:41.200,1.84292,1.84307,1.00,1.19
2014.03.26 05:28:47.100,1.84292,1.84306,1.00,1.19
2014.03.26 05:28:51.956,1.84292,1.84308,1.00,1.19
2014.03.26 05:28:53.340,1.84292,1.84307,1.00,1.19
2014.03.26 05:28:53.607,1.84301,1.84307,1.00,1.00
2014.03.26 05:28:55.443,1.84302,1.84317,1.00,1.19
2014.03.26 05:28:57.685,1.84302,1.84317,1.00,1.19
2014.03.26 05:29:08.692,1.84302,1.84318,1.00,1.19
2014.03.26 05:29:13.809,1.84296,1.84318,1.00,1.19
2014.03.26 05:29:15.433,1.84296,1.84322,1.00,1.69
2014.03.26 05:29:16.599,1.84296,1.8432,1.00,1.19
2014.03.26 05:29:22.339,1.84296,1.84322,1.00,1.00
2014.03.26 05:29:24.478,1.84294,1.84322,1.00,1.00
2014.03.26 05:29:27.119,1.84297,1.84322,1.00,1.00
2014.03.26 05:29:34.605,1.84295,1.84322,1.20,1.00
2014.03.26 05:29:34.662,1.84291,1.84311,1.00,1.00
2014.03.26 05:29:34.965,1.84296,1.84315,1.00,1.00
2014.03.26 05:29:35.116,1.84296,1.8432,1.00,1.25
2014.03.26 05:29:41.324,1.84294,1.8432,1.65,1.00
2014.03.26 05:29:41.375,1.84294,1.8431,1.20,1.00
2014.03.26 05:29:41.425,1.84291,1.8431,1.00,1.00
2014.03.26 05:29:43.618,1.84287,1.8431,1.00,1.00
2014.03.26 05:29:43.890,1.84296,1.84317,1.00,1.57
2014.03.26 05:29:44.193,1.84298,1.8432,1.20,1.69
2014.03.26 05:29:48.128,1.84302,1.8432,1.00,1.69
2014.03.26 05:29:48.803,1.84302,1.8432,1.00,1.00
2014.03.26 05:29:54.069,1.84299,1.8432,1.25,1.00
2014.03.26 05:29:59.128,1.84301,1.8432,1.00,1.00
2014.03.26 05:30:00.162,1.84301,1.84325,1.00,1.00
2014.03.26 05:30:07.560,1.84301,1.84329,1.50,1.19
2014.03.26 05:30:10.859,1.84301,1.84327,1.50,1.00
2014.03.26 05:30:11.041,1.84301,1.84324,1.50,1.19
2014.03.26 05:30:20.974,1.84301,1.84326,1.50,1.69
2014.03.26 05:30:22.473,1.84301,1.84321,1.50,1.19
2014.03.26 05:30:30.293,1.84301,1.84323,1.00,1.19
2014.03.26 05:30:32.958,1.84301,1.84326,1.00,1.69
2014.03.26 05:30:38.869,1.84301,1.84324,1.00,1.19
2014.03.26 05:30:43.366,1.84301,1.84322,1.00,1.19
2014.03.26 05:30:48.791,1.84301,1.84324,1.00,1.19
2014.03.26 05:31:02.625,1.84301,1.84321,1.00,1.19
2014.03.26 05:31:06.668,1.84301,1.84324,1.00,1.19
2014.03.26 05:31:08.135,1.84311,1.84324,1.00,1.19
2014.03.26 05:31:08.186,1.84311,1.84327,1.00,1.69
2014.03.26 05:31:11.750,1.84311,1.84327,1.00,1.19
2014.03.26 05:31:12.638,1.84304,1.84327,1.65,1.19
2014.03.26 05:31:13.257,1.84304,1.84326,1.00,1.19
2014.03.26 05:31:18.151,1.84304,1.84326,1.38,1.19
2014.03.26 05:31:18.302,1.84304,1.8433,2.07,1.25
2014.03.26 05:31:18.353,1.84309,1.84332,1.00,1.19
2014.03.26 05:31:18.656,1.84322,1.84332,1.00,1.19
2014.03.26 05:31:22.751,1.84322,1.84335,1.00,1.19
2014.03.26 05:31:22.902,1.84317,1.84335,1.00,1.19
2014.03.26 05:31:32.423,1.84317,1.84336,1.00,1.19
2014.03.26 05:31:35.556,1.84317,1.84334,1.00,1.19
2014.03.26 05:31:36.781,1.84317,1.84337,1.00,1.69
2014.03.26 05:31:41.466,1.84317,1.84339,1.00,1.19
2014.03.26 05:31:41.582,1.84317,1.84336,1.00,1.00
2014.03.26 05:31:42.167,1.84317,1.84337,1.00,1.00
2014.03.26 05:31:42.750,1.84317,1.84333,1.00,1.19
2014.03.26 05:31:43.137,1.84313,1.84333,1.00,1.19
2014.03.26 05:31:43.387,1.84307,1.84328,1.00,1.50
2014.03.26 05:31:43.501,1.84302,1.84324,2.37,1.00
2014.03.26 05:31:43.804,1.84302,1.84323,1.00,1.19
2014.03.26 05:31:45.527,1.84299,1.84323,2.10,1.19
2014.03.26 05:31:48.866,1.84299,1.8432,2.10,1.19
2014.03.26 05:31:51.076,1.84307,1.8432,1.00,1.19
2014.03.26 05:31:51.289,1.84307,1.84324,1.65,1.69
2014.03.26 05:31:51.686,1.84311,1.84324,1.20,1.19
2014.03.26 05:32:02.202,1.84311,1.84325,1.20,1.19
2014.03.26 05:32:08.187,1.84308,1.84325,1.20,1.19
2014.03.26 05:32:15.264,1.84308,1.84323,1.20,1.19
2014.03.26 05:32:15.582,1.84314,1.84323,1.20,1.19
2014.03.26 05:32:15.938,1.84312,1.84323,1.00,1.19
2014.03.26 05:32:18.885,1.84312,1.84328,1.00,1.00
2014.03.26 05:32:24.610,1.843,1.84328,1.80,1.00
2014.03.26 05:32:24.661,1.843,1.84326,1.65,1.19
2014.03.26 05:32:24.968,1.84297,1.84321,1.19,1.00
2014.03.26 05:32:25.276,1.84297,1.84318,1.19,1.00
2014.03.26 05:32:25.579,1.84297,1.84314,1.19,1.00
2014.03.26 05:32:25.958,1.84297,1.84313,1.00,1.19
2014.03.26 05:32:30.889,1.84297,1.84314,1.00,1.19
2014.03.26 05:32:32.295,1.84292,1.84314,1.65,1.19
2014.03.26 05:32:32.856,1.84293,1.84314,1.20,1.19
2014.03.26 05:32:36.550,1.84293,1.84313,1.20,1.19
2014.03.26 05:32:38.236,1.84297,1.84313,1.00,1.19
2014.03.26 05:32:38.596,1.84297,1.84312,1.00,1.19
2014.03.26 05:33:04.108,1.84294,1.84312,1.20,1.19
2014.03.26 05:33:04.158,1.84294,1.84309,1.20,1.19
2014.03.26 05:33:04.209,1.84292,1.84309,1.00,1.19
2014.03.26 05:33:04.310,1.84288,1.84309,1.20,1.69
2014.03.26 05:33:04.541,1.84287,1.84303,1.00,1.00
2014.03.26 05:33:05.066,1.84287,1.84302,1.00,1.00
2014.03.26 05:33:05.401,1.84287,1.843,1.00,1.19
2014.03.26 05:33:13.825,1.84287,1.84303,1.00,1.19
2014.03.26 05:33:17.187,1.84287,1.84304,1.00,1.19
2014.03.26 05:33:22.698,1.84287,1.84301,1.00,1.19
2014.03.26 05:33:28.910,1.84287,1.84304,1.00,1.69
2014.03.26 05:33:29.769,1.84287,1.84301,1.00,1.00
2014.03.26 05:33:32.009,1.84282,1.84301,1.00,1.50
2014.03.26 05:33:32.060,1.84282,1.84297,1.00,1.25
2014.03.26 05:33:33.051,1.84282,1.84296,1.00,1.19
2014.03.26 05:33:33.152,1.84277,1.84295,1.20,1.69
2014.03.26 05:33:33.253,1.84276,1.84291,1.00,1.00
2014.03.26 05:33:34.283,1.84276,1.84289,1.00,1.19
2014.03.26 05:33:44.993,1.84276,1.84288,1.00,1.19
2014.03.26 05:33:45.582,1.84277,1.84288,1.00,1.19
2014.03.26 05:33:46.545,1.84272,1.84288,1.00,1.19
2014.03.26 05:33:47.125,1.84267,1.84286,1.65,1.00
2014.03.26 05:33:47.176,1.84267,1.84285,1.00,1.19
2014.03.26 05:33:47.497,1.84267,1.84279,1.00,1.00
2014.03.26 05:33:47.547,1.84267,1.84281,1.00,1.00
2014.03.26 05:33:48.534,1.84267,1.8428,1.00,1.00
2014.03.26 05:33:48.658,1.84267,1.84283,1.00,1.00
2014.03.26 05:33:48.709,1.84267,1.8428,1.00,1.19
2014.03.26 05:33:51.014,1.84267,1.84281,1.00,1.19
2014.03.26 05:33:52.814,1.84261,1.84281,1.00,1.19
2014.03.26 05:33:54.986,1.8426,1.84268,1.00,2.10
2014.03.26 05:33:55.037,1.84243,1.84268,1.19,2.85
2014.03.26 05:33:55.092,1.84243,1.84258,1.19,1.00
2014.03.26 05:33:55.244,1.84246,1.84263,1.00,1.69
2014.03.26 05:33:58.329,1.84241,1.84263,1.00,1.69
2014.03.26 05:33:58.430,1.84241,1.8426,1.00,1.19
2014.03.26 05:33:58.751,1.84247,1.8426,1.00,1.19
2014.03.26 05:33:59.121,1.84241,1.8426,1.00,1.19
2014.03.26 05:33:59.753,1.84241,1.84261,1.00,1.19
2014.03.26 05:33:59.894,1.84246,1.84261,1.00,1.19
2014.03.26 05:34:00.585,1.84242,1.84261,1.00,1.19
2014.03.26 05:34:01.585,1.84247,1.84261,1.00,1.19
2014.03.26 05:34:01.636,1.84247,1.84266,1.00,2.07
2014.03.26 05:34:01.888,1.84241,1.84266,1.00,2.44
2014.03.26 05:34:02.472,1.84241,1.84263,1.00,1.00
2014.03.26 05:34:03.134,1.84237,1.84263,1.65,1.50
2014.03.26 05:34:05.945,1.84241,1.84263,1.00,1.50
2014.03.26 05:34:06.560,1.84241,1.8426,1.00,1.19
2014.03.26 05:34:06.611,1.84237,1.8426,1.00,1.19
2014.03.26 05:34:06.712,1.84234,1.84258,1.20,1.69
2014.03.26 05:34:07.645,1.84233,1.84252,1.20,1.19
2014.03.26 05:34:08.178,1.84232,1.84252,2.40,1.19
2014.03.26 05:34:08.515,1.84234,1.84252,1.20,1.19
2014.03.26 05:34:10.080,1.84234,1.84255,1.20,1.19
2014.03.26 05:34:10.131,1.84232,1.84255,2.40,1.19
2014.03.26 05:34:10.784,1.84233,1.84255,1.20,1.19
2014.03.26 05:34:12.268,1.84232,1.84255,1.50,1.19
2014.03.26 05:34:14.361,1.84232,1.8425,1.50,1.19
2014.03.26 05:34:14.708,1.84234,1.8425,1.20,1.19
2014.03.26 05:34:18.874,1.84234,1.84254,1.20,1.69
2014.03.26 05:34:24.628,1.84234,1.84252,1.20,1.19
2014.03.26 05:34:28.909,1.84234,1.84253,1.20,1.19
2014.03.26 05:34:30.187,1.84236,1.84253,1.20,1.19
2014.03.26 05:34:30.548,1.84239,1.84254,1.20,1.19
2014.03.26 05:34:30.851,1.84243,1.84254,1.20,1.19
2014.03.26 05:34:34.143,1.84243,1.84262,1.20,1.19
2014.03.26 05:34:38.945,1.84243,1.84264,1.00,1.19
2014.03.26 05:34:46.064,1.84243,1.84264,1.38,1.19
2014.03.26 05:34:46.166,1.84243,1.84263,1.38,1.19
2014.03.26 05:34:48.972,1.84243,1.84261,1.38,1.19
2014.03.26 05:34:50.328,1.84243,1.84261,1.38,1.19
2014.03.26 05:34:50.480,1.84246,1.84262,1.20,1.19
2014.03.26 05:34:50.593,1.84249,1.84262,1.00,1.19
2014.03.26 05:34:50.946,1.84244,1.84262,1.38,1.19
2014.03.26 05:34:52.082,1.84241,1.84267,1.38,1.19
2014.03.26 05:34:54.387,1.84241,1.84267,1.38,1.69
2014.03.26 05:34:56.598,1.84243,1.84262,1.38,1.19
2014.03.26 05:34:56.649,1.8424,1.84262,1.20,1.19
2014.03.26 05:35:03.215,1.8424,1.84261,1.20,1.19
2014.03.26 05:35:04.124,1.84241,1.84261,1.20,1.19
2014.03.26 05:35:05.763,1.84241,1.84259,1.20,1.19
2014.03.26 05:35:06.021,1.84236,1.84259,1.65,1.69
2014.03.26 05:35:06.122,1.84234,1.84259,1.20,1.69
2014.03.26 05:35:06.301,1.84234,1.84256,1.20,1.00
2014.03.26 05:35:06.453,1.84231,1.84255,1.20,1.00
2014.03.26 05:35:06.841,1.84231,1.84251,1.20,1.19
2014.03.26 05:35:08.904,1.8423,1.84251,1.00,1.19
2014.03.26 05:35:09.207,1.84223,1.84246,1.00,1.19
2014.03.26 05:35:09.716,1.84223,1.84243,1.00,1.00
2014.03.26 05:35:10.362,1.84223,1.8424,1.65,1.19
2014.03.26 05:35:14.414,1.84223,1.84247,1.65,1.69
2014.03.26 05:35:16.006,1.84223,1.84246,3.15,1.19
2014.03.26 05:35:16.494,1.84225,1.84246,1.20,1.19
2014.03.26 05:35:16.974,1.84225,1.84249,1.20,1.25
2014.03.26 05:35:18.729,1.84225,1.84247,1.20,1.19
2014.03.26 05:35:21.698,1.84225,1.84244,1.20,1.19
2014.03.26 05:35:21.748,1.84223,1.84244,1.50,1.19
2014.03.26 05:35:24.208,1.84223,1.84245,1.50,1.19
2014.03.26 05:35:28.905,1.84223,1.84249,2.40,1.19
2014.03.26 05:35:32.434,1.84228,1.84249,1.20,1.25
2014.03.26 05:35:32.739,1.84229,1.84252,1.58,1.19
2014.03.26 05:35:33.042,1.84236,1.84252,1.00,1.19
2014.03.26 05:35:33.524,1.84236,1.84264,1.00,1.25
2014.03.26 05:35:34.583,1.84237,1.84264,1.00,1.25
2014.03.26 05:35:40.853,1.84242,1.84264,1.00,1.00
2014.03.26 05:35:40.954,1.84242,1.84269,1.00,1.25
2014.03.26 05:35:41.207,1.84245,1.84273,1.00,1.69
2014.03.26 05:35:41.308,1.8424,1.84266,1.25,1.00
2014.03.26 05:35:44.267,1.8424,1.84266,1.00,1.19
2014.03.26 05:35:46.675,1.8424,1.84266,1.00,1.00
2014.03.26 05:35:47.001,1.84243,1.84269,1.00,1.25
2014.03.26 05:35:50.295,1.84243,1.84269,1.00,1.19
2014.03.26 05:35:53.202,1.84243,1.84268,1.00,1.19
2014.03.26 05:35:58.919,1.84243,1.84266,1.00,1.19
2014.03.26 05:36:08.846,1.84243,1.84267,1.00,1.19
2014.03.26 05:36:10.485,1.84243,1.84269,1.00,1.00
2014.03.26 05:36:17.273,1.84243,1.84268,1.00,1.19
2014.03.26 05:36:28.714,1.84243,1.84269,1.00,1.00
2014.03.26 05:36:30.094,1.84243,1.84268,1.00,1.19
2014.03.26 05:36:30.854,1.84243,1.84268,1.00,1.53
2014.03.26 05:36:31.005,1.84235,1.84259,1.19,1.00
2014.03.26 05:36:31.259,1.84231,1.84254,1.19,1.00
2014.03.26 05:36:31.518,1.84231,1.84254,1.00,1.00
2014.03.26 05:36:43.649,1.84229,1.84254,1.25,1.00
2014.03.26 05:36:44.137,1.84229,1.84254,1.19,1.00
2014.03.26 05:36:48.393,1.84233,1.84259,1.00,1.50
2014.03.26 05:36:48.617,1.84236,1.84259,1.20,1.50
2014.03.26 05:36:51.880,1.84233,1.84259,1.84,1.50
2014.03.26 05:36:55.768,1.84233,1.84259,2.59,1.50
2014.03.26 05:36:58.969,1.84233,1.84259,3.34,1.50
2014.03.26 05:37:02.178,1.84234,1.84259,1.39,1.50
2014.03.26 05:37:04.713,1.84233,1.84259,1.25,1.50
2014.03.26 05:37:07.362,1.84233,1.84248,1.25,1.00
2014.03.26 05:37:07.413,1.84228,1.84248,1.25,1.00
2014.03.26 05:37:07.564,1.84228,1.84256,1.25,1.00
2014.03.26 05:37:08.147,1.84228,1.84256,1.25,1.38
2014.03.26 05:37:08.669,1.84228,1.84256,1.25,1.00
2014.03.26 05:37:09.902,1.84228,1.84256,1.19,1.00
2014.03.26 05:37:11.162,1.84228,1.84254,1.19,1.00
2014.03.26 05:37:11.602,1.84228,1.84254,1.19,1.00
2014.03.26 05:37:11.653,1.84232,1.84256,1.00,1.00
2014.03.26 05:37:11.754,1.84232,1.84259,1.00,1.00
2014.03.26 05:37:14.578,1.84231,1.84249,1.25,1.00
2014.03.26 05:37:14.679,1.84224,1.84249,1.00,1.00
2014.03.26 05:37:14.831,1.84227,1.8425,1.00,1.00
2014.03.26 05:37:15.134,1.84232,1.84256,1.00,1.19
2014.03.26 05:37:17.452,1.84227,1.8425,1.00,1.00
2014.03.26 05:37:17.604,1.84224,1.84248,1.00,1.00
2014.03.26 05:37:17.911,1.84226,1.8425,1.00,1.00
2014.03.26 05:37:18.213,1.8423,1.84258,1.00,1.69
2014.03.26 05:37:18.720,1.84231,1.84258,1.00,1.69
2014.03.26 05:37:19.050,1.84231,1.84258,1.00,1.00
2014.03.26 05:37:20.751,1.84231,1.84258,1.19,1.00
2014.03.26 05:37:20.938,1.84235,1.84261,1.00,1.32
2014.03.26 05:37:27.382,1.84236,1.84261,1.00,1.25
2014.03.26 05:37:27.584,1.84241,1.84261,1.00,1.25
2014.03.26 05:37:28.970,1.84241,1.84264,1.00,1.25
2014.03.26 05:37:29.609,1.84238,1.84263,1.00,1.00
2014.03.26 05:37:29.848,1.84235,1.84261,1.19,1.00
2014.03.26 05:37:33.163,1.8424,1.84266,1.00,2.07
2014.03.26 05:37:33.676,1.8424,1.84266,1.00,1.19
2014.03.26 05:37:38.969,1.8424,1.84266,1.00,1.19
2014.03.26 05:37:43.187,1.8424,1.84266,1.00,1.00
2014.03.26 05:37:43.344,1.8424,1.84263,1.00,1.00
2014.03.26 05:37:43.648,1.84239,1.84267,1.25,1.25
2014.03.26 05:37:45.305,1.84239,1.84267,1.00,1.19
2014.03.26 05:37:46.094,1.84239,1.84263,1.00,1.00
2014.03.26 05:37:46.625,1.8424,1.84264,1.00,1.20
2014.03.26 05:37:46.726,1.8424,1.84266,1.00,1.25
2014.03.26 05:37:46.877,1.8424,1.84263,1.00,1.00
2014.03.26 05:37:46.928,1.84236,1.84262,1.19,1.00
2014.03.26 05:37:49.035,1.84236,1.84262,1.00,1.00
2014.03.26 05:37:59.899,1.84239,1.84267,1.00,2.44
2014.03.26 05:38:00.630,1.84242,1.84267,1.00,2.44
2014.03.26 05:38:00.680,1.84242,1.84267,1.00,1.69
2014.03.26 05:38:01.339,1.84243,1.84269,1.00,1.19
2014.03.26 05:38:01.571,1.84246,1.84269,1.00,1.19
2014.03.26 05:38:02.747,1.84246,1.84269,1.00,1.00
2014.03.26 05:38:03.550,1.84247,1.84274,1.00,1.19
2014.03.26 05:38:03.772,1.84247,1.84275,1.00,1.00
2014.03.26 05:38:05.665,1.84248,1.84275,1.00,1.00
2014.03.26 05:38:11.672,1.84247,1.84275,1.00,1.00
2014.03.26 05:38:15.733,1.84252,1.8428,1.00,1.32
2014.03.26 05:38:16.048,1.84256,1.84282,1.00,1.19
2014.03.26 05:38:16.351,1.84262,1.84283,1.00,1.19
2014.03.26 05:38:16.654,1.84267,1.84283,1.00,1.19
2014.03.26 05:38:17.044,1.84267,1.84294,1.00,1.00
2014.03.26 05:38:26.431,1.84267,1.84294,1.00,1.19
2014.03.26 05:38:35.352,1.84272,1.84294,1.00,1.19
2014.03.26 05:38:35.655,1.84275,1.84296,1.00,1.19
2014.03.26 05:38:36.174,1.84276,1.84296,1.65,1.19
2014.03.26 05:38:36.476,1.84281,1.84302,1.00,1.00
2014.03.26 05:38:36.577,1.84281,1.84304,1.00,1.00
2014.03.26 05:38:36.678,1.84281,1.84309,1.50,1.19
2014.03.26 05:38:39.038,1.84281,1.84309,1.50,1.00
2014.03.26 05:38:39.850,1.84287,1.84309,1.00,1.00
2014.03.26 05:38:39.901,1.84287,1.84312,1.50,1.25
2014.03.26 05:38:40.052,1.84291,1.84318,1.00,1.19
2014.03.26 05:38:40.254,1.84287,1.84313,1.25,1.00
2014.03.26 05:38:47.637,1.84283,1.84309,1.25,1.00
2014.03.26 05:38:48.161,1.84283,1.84309,1.19,1.00
2014.03.26 05:38:48.672,1.84283,1.84309,1.25,1.00
2014.03.26 05:38:48.925,1.84286,1.84314,1.00,1.50
2014.03.26 05:38:52.142,1.84285,1.84308,1.00,1.00
2014.03.26 05:38:52.243,1.84281,1.84308,1.13,1.00
2014.03.26 05:38:52.663,1.84276,1.84298,1.57,1.00
2014.03.26 05:38:52.966,1.84276,1.84293,1.19,1.00
2014.03.26 05:38:55.441,1.84276,1.84293,1.00,1.00
2014.03.26 05:38:55.990,1.84271,1.84293,1.00,1.00
2014.03.26 05:38:59.031,1.84271,1.84293,1.19,1.00
2014.03.26 05:39:08.050,1.84271,1.84298,1.19,1.00
2014.03.26 05:39:11.145,1.84271,1.84298,1.00,1.00
2014.03.26 05:39:12.559,1.84271,1.84294,1.00,1.00
2014.03.26 05:39:26.331,1.84271,1.84298,1.00,1.00
2014.03.26 05:39:49.890,1.84271,1.84293,1.00,1.00
2014.03.26 05:39:56.607,1.84262,1.84293,2.44,1.00
2014.03.26 05:39:57.205,1.84267,1.84293,1.39,1.00
2014.03.26 05:40:03.160,1.84267,1.84298,1.84,1.25
2014.03.26 05:40:06.775,1.84267,1.84298,2.59,1.00
2014.03.26 05:40:14.051,1.84268,1.84293,1.39,1.00
2014.03.26 05:40:19.021,1.84267,1.84293,1.47,1.00
2014.03.26 05:40:21.563,1.84267,1.84293,1.19,1.00
2014.03.26 05:40:22.740,1.84263,1.84293,1.39,1.00
2014.03.26 05:40:24.148,1.84268,1.84293,1.00,1.00
2014.03.26 05:40:36.144,1.84262,1.84288,2.07,1.00
2014.03.26 05:40:36.195,1.84262,1.84288,1.00,1.50
2014.03.26 05:40:36.358,1.84265,1.84288,1.00,1.00
2014.03.26 05:40:36.681,1.84269,1.84293,1.00,1.19
2014.03.26 05:40:39.085,1.84269,1.84293,1.00,1.19
2014.03.26 05:40:40.155,1.84269,1.84289,1.00,1.00
2014.03.26 05:40:40.922,1.84274,1.84289,1.00,1.00
2014.03.26 05:40:42.102,1.84263,1.84279,2.22,1.00
2014.03.26 05:40:42.405,1.84257,1.84279,1.00,1.00
2014.03.26 05:40:42.556,1.84253,1.84274,1.00,1.00
2014.03.26 05:40:42.910,1.84253,1.84269,1.00,1.00
2014.03.26 05:40:45.289,1.84253,1.84263,1.00,1.00
2014.03.26 05:40:45.390,1.84248,1.84263,1.00,1.00
2014.03.26 05:40:45.491,1.84244,1.84263,1.00,1.00
2014.03.26 05:40:46.749,1.84244,1.84269,1.25,1.00
2014.03.26 05:40:46.850,1.84252,1.84269,1.00,1.00
2014.03.26 05:40:52.680,1.84252,1.84264,1.00,1.00
2014.03.26 05:40:52.781,1.84247,1.84264,1.00,1.00
2014.03.26 05:40:53.095,1.84241,1.84264,1.19,1.00
2014.03.26 05:40:55.422,1.8424,1.84253,1.19,1.00
2014.03.26 05:40:55.473,1.84234,1.84253,1.00,1.00
2014.03.26 05:40:55.676,1.84233,1.84249,1.00,1.00
2014.03.26 05:40:55.827,1.84229,1.84249,1.25,1.00
2014.03.26 05:40:55.979,1.84229,1.84247,1.25,1.20
2014.03.26 05:40:56.632,1.84229,1.84244,1.00,1.20
2014.03.26 05:40:58.370,1.84229,1.84248,1.00,1.00
2014.03.26 05:40:59.180,1.84229,1.84243,1.00,1.00
2014.03.26 05:41:00.826,1.84224,1.84243,1.00,1.00
2014.03.26 05:41:01.179,1.84224,1.84247,1.00,1.25
2014.03.26 05:41:01.230,1.84228,1.84249,1.00,1.19
2014.03.26 05:41:01.678,1.84222,1.84249,1.38,1.19
2014.03.26 05:41:01.879,1.84219,1.84245,1.00,1.00
2014.03.26 05:41:02.886,1.84219,1.84244,1.00,1.19
2014.03.26 05:41:03.891,1.84219,1.84244,1.00,1.19
2014.03.26 05:41:04.327,1.84222,1.84244,1.50,1.19
2014.03.26 05:41:04.896,1.84222,1.8425,1.50,1.19
2014.03.26 05:41:05.947,1.84222,1.8425,1.88,1.19
2014.03.26 05:41:06.903,1.84222,1.8425,1.88,1.69
2014.03.26 05:41:07.109,1.84227,1.8425,1.00,1.69
2014.03.26 05:41:07.314,1.84222,1.8425,1.13,1.69
2014.03.26 05:41:09.945,1.84222,1.84249,1.13,1.19
2014.03.26 05:41:11.599,1.84222,1.84244,1.00,1.00
2014.03.26 05:41:12.120,1.84222,1.84244,1.00,1.19
2014.03.26 05:41:12.901,1.84222,1.84242,1.00,1.19
2014.03.26 05:41:15.864,1.84222,1.84244,1.00,1.19
2014.03.26 05:41:16.876,1.84222,1.84246,1.00,1.19
2014.03.26 05:41:19.831,1.84222,1.84249,1.00,1.19
2014.03.26 05:41:20.688,1.84225,1.84249,1.00,1.19
2014.03.26 05:41:21.691,1.84225,1.84252,1.00,1.19
2014.03.26 05:41:23.844,1.84225,1.84249,1.00,1.00
2014.03.26 05:41:24.319,1.84221,1.84244,1.25,1.00
2014.03.26 05:41:24.521,1.84218,1.84243,1.69,1.00
2014.03.26 05:41:25.787,1.84222,1.84244,1.00,1.50
2014.03.26 05:41:26.291,1.84222,1.84245,2.63,1.19
2014.03.26 05:41:26.642,1.84226,1.84245,1.00,1.19
2014.03.26 05:41:29.052,1.84226,1.84248,1.00,1.69
2014.03.26 05:41:30.363,1.84226,1.84247,1.00,1.19
2014.03.26 05:41:30.414,1.84226,1.84243,1.00,1.00
2014.03.26 05:41:30.615,1.84223,1.84243,1.00,1.00
2014.03.26 05:41:31.160,1.84222,1.84243,1.00,1.00
2014.03.26 05:41:32.797,1.84222,1.84241,1.00,1.19
2014.03.26 05:41:33.509,1.84217,1.84241,1.50,1.19
2014.03.26 05:41:33.598,1.84222,1.84241,1.00,1.19
2014.03.26 05:41:34.277,1.84222,1.84243,1.00,1.19
2014.03.26 05:41:36.079,1.84222,1.84244,1.00,1.19
2014.03.26 05:41:37.979,1.84224,1.84244,1.00,1.19
2014.03.26 05:41:38.030,1.84224,1.84247,1.00,1.19
2014.03.26 05:41:39.087,1.84224,1.84248,1.00,1.19
2014.03.26 05:41:40.398,1.84224,1.84246,1.00,1.19
2014.03.26 05:41:40.965,1.8422,1.84246,1.00,1.19
2014.03.26 05:41:42.037,1.84217,1.84244,1.25,1.69
2014.03.26 05:41:42.138,1.84217,1.84241,1.00,1.19
2014.03.26 05:41:47.139,1.84216,1.84238,1.00,1.19
2014.03.26 05:41:48.959,1.84216,1.84244,1.00,2.44
2014.03.26 05:41:49.837,1.84213,1.84239,1.50,1.00
2014.03.26 05:41:50.090,1.8421,1.84237,1.00,1.65
2014.03.26 05:41:50.679,1.84209,1.84236,1.00,1.00
2014.03.26 05:41:51.575,1.84209,1.84233,1.00,1.19
2014.03.26 05:41:52.068,1.84207,1.84233,1.00,1.69
2014.03.26 05:41:52.119,1.84206,1.84228,1.00,1.00
2014.03.26 05:41:52.421,1.84203,1.84222,1.00,1.20
2014.03.26 05:41:52.523,1.84197,1.84223,1.19,1.50
2014.03.26 05:41:52.674,1.84197,1.84216,1.00,1.19
2014.03.26 05:41:53.742,1.84198,1.84216,1.20,1.19
2014.03.26 05:41:53.797,1.84198,1.84223,1.20,1.69
2014.03.26 05:41:53.898,1.84198,1.84223,1.58,1.69
2014.03.26 05:41:54.248,1.84204,1.84223,1.00,1.19
2014.03.26 05:41:55.018,1.842,1.84223,1.00,1.19
2014.03.26 05:41:55.357,1.842,1.84225,1.00,1.19
2014.03.26 05:41:55.407,1.84202,1.84225,1.00,1.19
2014.03.26 05:41:56.573,1.84202,1.84227,1.00,1.19
2014.03.26 05:41:56.825,1.842,1.84227,1.00,1.19
2014.03.26 05:41:56.927,1.84204,1.84227,1.00,1.19
2014.03.26 05:41:57.231,1.84207,1.84227,1.00,1.19
2014.03.26 05:41:57.560,1.84212,1.84227,1.00,1.19
2014.03.26 05:41:57.611,1.84212,1.84238,1.00,1.25
2014.03.26 05:41:57.661,1.84217,1.84238,1.00,1.25
2014.03.26 05:41:58.000,1.8421,1.84233,1.38,1.00
2014.03.26 05:41:58.181,1.8421,1.84237,1.20,1.00
2014.03.26 05:41:58.351,1.84216,1.84239,1.00,1.19
2014.03.26 05:41:58.654,1.84218,1.84241,1.00,1.19
2014.03.26 05:41:58.755,1.84218,1.84244,1.25,1.00
2014.03.26 05:41:58.858,1.84214,1.8424,2.82,1.00
2014.03.26 05:41:59.396,1.84214,1.84239,1.19,1.00
2014.03.26 05:42:00.258,1.84214,1.84239,1.00,1.00
2014.03.26 05:42:00.309,1.84218,1.84239,1.00,1.00
2014.03.26 05:42:00.517,1.84212,1.84239,2.03,1.00
2014.03.26 05:42:00.621,1.84218,1.84243,1.00,1.19
2014.03.26 05:42:00.939,1.84218,1.84238,1.00,1.00
2014.03.26 05:42:00.990,1.84213,1.84238,1.38,1.00
2014.03.26 05:42:01.581,1.84213,1.84238,1.00,1.00
2014.03.26 05:42:01.682,1.84213,1.84238,1.19,1.00
2014.03.26 05:42:02.644,1.84217,1.84238,1.00,1.00
2014.03.26 05:42:02.696,1.84217,1.84244,1.00,1.19
2014.03.26 05:42:03.318,1.84217,1.84239,1.00,1.00
2014.03.26 05:42:03.368,1.84213,1.84239,2.07,1.50
2014.03.26 05:42:04.359,1.84217,1.84244,1.00,1.19
2014.03.26 05:42:04.858,1.84217,1.84239,1.00,1.00
2014.03.26 05:42:04.909,1.84214,1.84239,1.19,1.00
2014.03.26 05:42:05.421,1.84212,1.84234,1.19,1.00
2014.03.26 05:42:05.739,1.8421,1.84232,1.19,1.00
2014.03.26 05:42:05.998,1.84205,1.84232,1.00,1.25
2014.03.26 05:42:06.099,1.84205,1.84229,1.00,1.00
2014.03.26 05:42:07.053,1.84205,1.84232,1.00,1.25
2014.03.26 05:42:07.642,1.84204,1.84232,1.00,1.25
2014.03.26 05:42:09.005,1.84208,1.84233,1.00,1.19
2014.03.26 05:42:09.539,1.84205,1.84233,1.00,1.69
2014.03.26 05:42:12.086,1.84205,1.84233,1.00,1.69
2014.03.26 05:42:14.263,1.84205,1.84233,1.00,2.44
2014.03.26 05:42:20.551,1.84205,1.84233,1.00,1.69
2014.03.26 05:42:24.577,1.84205,1.84233,1.00,2.44
2014.03.26 05:42:25.282,1.84201,1.84229,1.00,1.25
2014.03.26 05:42:26.198,1.84201,1.84229,1.00,1.19
2014.03.26 05:42:33.406,1.84201,1.84228,1.00,1.00
2014.03.26 05:42:35.211,1.84201,1.84228,1.00,1.19
2014.03.26 05:42:35.715,1.84197,1.84225,1.00,1.25
2014.03.26 05:42:36.318,1.84197,1.84225,1.00,1.19
2014.03.26 05:42:38.259,1.84201,1.84227,1.00,1.19
2014.03.26 05:42:38.800,1.84204,1.84228,1.00,1.69
2014.03.26 05:42:39.355,1.84205,1.84229,1.00,1.00
2014.03.26 05:42:40.485,1.84205,1.84229,1.00,1.19
2014.03.26 05:42:42.746,1.84201,1.84227,1.13,1.00
2014.03.26 05:42:42.847,1.84201,1.84223,1.32,1.00
2014.03.26 05:42:43.717,1.84201,1.84227,1.19,1.00
2014.03.26 05:42:43.868,1.84203,1.84229,1.00,1.00
2014.03.26 05:42:43.969,1.84209,1.84229,1.00,1.00
2014.03.26 05:42:49.877,1.84209,1.84234,1.00,1.00
2014.03.26 05:42:56.150,1.84209,1.84235,1.00,1.00
2014.03.26 05:42:56.660,1.84209,1.84234,1.25,1.00
2014.03.26 05:42:59.131,1.84209,1.84234,1.19,1.00
2014.03.26 05:43:00.336,1.84209,1.84235,1.19,1.00
2014.03.26 05:43:00.538,1.84209,1.84235,1.19,1.00
2014.03.26 05:43:01.228,1.84214,1.84239,1.00,1.00
2014.03.26 05:43:01.585,1.84217,1.8424,1.00,1.00
2014.03.26 05:43:01.686,1.84217,1.84243,1.69,1.00
2014.03.26 05:43:01.908,1.8422,1.84243,1.00,1.00
2014.03.26 05:43:02.436,1.8422,1.84246,1.00,1.00
2014.03.26 05:43:02.846,1.8422,1.84246,1.19,1.00
2014.03.26 05:43:03.149,1.84216,1.8424,1.19,1.00
2014.03.26 05:43:03.351,1.84221,1.84244,1.19,1.00
2014.03.26 05:43:03.654,1.84227,1.84253,1.00,1.57
2014.03.26 05:43:03.807,1.84224,1.84248,1.00,1.00
2014.03.26 05:43:03.908,1.84222,1.84248,1.25,1.00
2014.03.26 05:43:04.211,1.84218,1.84244,1.19,1.00
2014.03.26 05:43:04.979,1.84218,1.84244,1.00,1.00
2014.03.26 05:43:05.898,1.84221,1.84244,1.00,1.00
2014.03.26 05:43:05.999,1.84221,1.84249,1.50,1.00
2014.03.26 05:43:06.127,1.84223,1.84249,1.00,1.00
2014.03.26 05:43:07.080,1.84221,1.84249,1.00,1.00
2014.03.26 05:43:08.639,1.84221,1.84248,1.00,1.00
2014.03.26 05:43:17.776,1.84222,1.84248,1.00,1.00
2014.03.26 05:43:18.067,1.84221,1.84244,1.19,1.00
2014.03.26 05:43:18.949,1.84221,1.84249,1.19,1.50
2014.03.26 05:43:19.051,1.84225,1.84249,1.00,1.00
2014.03.26 05:43:19.101,1.84225,1.84251,1.00,1.00
2014.03.26 05:43:19.152,1.84229,1.84251,1.20,1.00
2014.03.26 05:43:19.478,1.84232,1.84256,1.88,1.19
2014.03.26 05:43:19.840,1.84234,1.84256,1.00,1.19
2014.03.26 05:43:19.991,1.84234,1.84262,1.19,1.13
2014.03.26 05:43:20.092,1.84234,1.84259,1.19,1.00
2014.03.26 05:43:20.398,1.8424,1.84266,1.00,2.07
2014.03.26 05:43:20.449,1.8424,1.84266,1.00,1.19
2014.03.26 05:43:20.600,1.84237,1.84263,1.50,1.50
2014.03.26 05:43:20.920,1.84236,1.84259,1.13,1.00
2014.03.26 05:43:21.222,1.84237,1.84255,1.00,1.00
2014.03.26 05:43:21.273,1.84237,1.84263,1.50,1.00
2014.03.26 05:43:22.379,1.84237,1.84263,1.69,1.00
2014.03.26 05:43:23.115,1.84239,1.84267,1.00,1.25
2014.03.26 05:43:25.370,1.84242,1.84267,1.00,1.25
2014.03.26 05:43:25.471,1.84244,1.84272,1.00,1.25
2014.03.26 05:43:25.674,1.84249,1.84273,1.00,1.19
2014.03.26 05:43:27.393,1.84249,1.84275,1.19,1.00
2014.03.26 05:43:28.615,1.84251,1.84278,1.00,1.00
2014.03.26 05:43:30.204,1.84251,1.84278,1.00,1.19
2014.03.26 05:43:30.756,1.84252,1.84279,1.00,1.69
2014.03.26 05:43:31.307,1.84251,1.84278,1.00,1.19
2014.03.26 05:43:35.981,1.84251,1.84278,1.00,1.19
2014.03.26 05:43:40.658,1.84251,1.84278,1.00,1.25
2014.03.26 05:43:45.862,1.84251,1.84278,1.19,1.00
2014.03.26 05:43:52.874,1.84251,1.84274,1.19,1.00
2014.03.26 05:43:52.924,1.84251,1.84274,1.00,1.00
2014.03.26 05:43:52.976,1.84247,1.84274,1.19,1.00
2014.03.26 05:43:53.836,1.84247,1.84275,1.69,1.00
2014.03.26 05:43:53.937,1.84253,1.84278,1.00,1.19
2014.03.26 05:43:53.988,1.84253,1.84278,1.25,1.00
2014.03.26 05:43:57.582,1.84256,1.84281,1.00,1.19
2014.03.26 05:43:57.684,1.84259,1.84287,1.00,1.87
2014.03.26 05:43:57.885,1.84263,1.84288,1.00,1.19
2014.03.26 05:43:57.987,1.84259,1.84287,1.00,1.19
2014.03.26 05:43:59.125,1.84259,1.84287,1.00,1.19
2014.03.26 05:44:02.832,1.84259,1.84287,1.00,1.25
2014.03.26 05:44:04.063,1.84259,1.84287,1.19,1.25
2014.03.26 05:44:06.556,1.84259,1.84287,1.00,1.19
2014.03.26 05:44:17.966,1.84259,1.84287,1.25,1.25
2014.03.26 05:44:29.131,1.84259,1.84287,1.19,1.00
2014.03.26 05:44:32.957,1.84259,1.84287,1.00,1.00
2014.03.26 05:44:36.674,1.84259,1.84287,1.19,1.25
2014.03.26 05:44:37.621,1.84259,1.84284,1.19,1.00
2014.03.26 05:44:37.950,1.84259,1.84284,1.00,1.19
2014.03.26 05:44:38.001,1.84256,1.84284,1.00,1.69
2014.03.26 05:44:39.184,1.84256,1.84284,1.25,1.19
2014.03.26 05:44:42.128,1.84257,1.84284,1.00,1.19
2014.03.26 05:44:42.280,1.84257,1.8428,1.00,1.00
2014.03.26 05:44:42.683,1.84252,1.8428,1.69,1.00
2014.03.26 05:44:43.415,1.84252,1.8428,1.00,1.19
2014.03.26 05:44:44.442,1.84252,1.8428,1.00,1.25
2014.03.26 05:44:46.245,1.84256,1.84283,1.25,1.39
2014.03.26 05:44:47.792,1.84252,1.84278,1.19,1.00
2014.03.26 05:44:47.842,1.84252,1.84278,1.00,1.00
2014.03.26 05:44:52.524,1.84255,1.84283,1.00,1.19
2014.03.26 05:44:53.177,1.84255,1.84283,1.00,1.69
2014.03.26 05:44:58.836,1.84255,1.84279,1.00,1.00
2014.03.26 05:45:01.115,1.84255,1.84283,1.00,1.19
2014.03.26 05:45:02.253,1.84255,1.84283,1.00,1.19
2014.03.26 05:45:03.864,1.84255,1.84278,1.00,1.00
2014.03.26 05:45:11.345,1.84255,1.84282,1.00,1.19
2014.03.26 05:45:11.396,1.84255,1.84282,1.00,1.19
2014.03.26 05:45:18.177,1.84255,1.84283,1.00,1.69
2014.03.26 05:45:20.386,1.84255,1.84278,1.00,1.00
2014.03.26 05:45:20.940,1.84255,1.84283,1.00,2.44
2014.03.26 05:45:21.566,1.84255,1.84282,1.00,1.19
2014.03.26 05:45:21.669,1.84252,1.84278,1.50,1.25
2014.03.26 05:45:26.511,1.84251,1.84275,1.00,1.00
2014.03.26 05:45:27.270,1.84251,1.84274,1.00,1.00
2014.03.26 05:45:33.844,1.84251,1.84275,1.00,1.00
2014.03.26 05:45:34.283,1.84252,1.84278,1.25,1.69
2014.03.26 05:45:35.580,1.84252,1.84278,1.00,1.69
2014.03.26 05:45:38.406,1.84252,1.84278,1.00,1.00
2014.03.26 05:45:39.091,1.84253,1.84278,1.20,1.00
2014.03.26 05:45:39.582,1.84256,1.84278,1.00,1.00
2014.03.26 05:45:40.394,1.84254,1.84278,1.20,1.00
2014.03.26 05:45:42.774,1.84255,1.84283,1.00,1.25
2014.03.26 05:45:44.616,1.84256,1.84283,1.00,1.25
2014.03.26 05:45:44.879,1.84258,1.84283,1.20,1.25
2014.03.26 05:45:45.126,1.84256,1.84283,1.84,1.00
2014.03.26 05:45:45.941,1.84256,1.84283,1.65,1.19
2014.03.26 05:45:47.545,1.84258,1.84283,1.20,1.19
2014.03.26 05:45:48.095,1.84257,1.84283,1.20,1.19
2014.03.26 05:45:48.435,1.84254,1.8428,1.39,1.00
2014.03.26 05:45:49.162,1.84252,1.8428,2.25,1.19
2014.03.26 05:45:53.420,1.84252,1.8428,2.59,1.00
2014.03.26 05:45:57.689,1.84252,1.8428,2.59,1.25
2014.03.26 05:46:01.299,1.84252,1.8428,2.59,1.19
2014.03.26 05:46:03.708,1.84258,1.84283,1.00,1.19
2014.03.26 05:46:09.240,1.84258,1.84284,1.00,1.19
2014.03.26 05:46:14.650,1.84258,1.84284,1.00,1.00
2014.03.26 05:46:15.110,1.84253,1.84279,1.19,1.00
2014.03.26 05:46:15.434,1.84251,1.84277,1.19,1.00
2014.03.26 05:46:15.772,1.84256,1.84277,1.00,1.00
2014.03.26 05:46:27.975,1.84256,1.84281,1.00,1.00
2014.03.26 05:46:28.863,1.84255,1.84281,1.00,1.00
2014.03.26 05:46:32.703,1.84258,1.84284,1.00,1.19
2014.03.26 05:46:38.083,1.84261,1.84284,1.00,1.19
2014.03.26 05:46:38.603,1.84262,1.84284,1.20,1.19
2014.03.26 05:46:38.654,1.84258,1.84284,1.00,1.19
2014.03.26 05:46:41.978,1.84258,1.84284,1.00,1.19
2014.03.26 05:46:49.162,1.84258,1.84284,1.00,1.25
2014.03.26 05:46:52.274,1.84262,1.84284,1.00,1.25
2014.03.26 05:46:54.353,1.84258,1.84284,1.00,1.25
2014.03.26 05:46:55.874,1.84261,1.84288,1.00,1.19
2014.03.26 05:46:58.854,1.84265,1.84288,1.00,1.19
2014.03.26 05:46:59.257,1.84265,1.84291,1.00,1.19
2014.03.26 05:47:01.500,1.84265,1.84289,1.00,1.69
2014.03.26 05:47:03.615,1.84258,1.84284,1.13,1.50
2014.03.26 05:47:03.665,1.84258,1.84279,1.13,1.00
2014.03.26 05:47:03.868,1.84257,1.84281,1.09,1.00
2014.03.26 05:47:04.020,1.84258,1.84284,1.00,1.00
2014.03.26 05:47:04.272,1.84261,1.84288,1.00,1.19
2014.03.26 05:47:07.163,1.84261,1.84278,1.00,1.00
2014.03.26 05:47:07.315,1.84257,1.84278,1.00,1.00
2014.03.26 05:47:10.444,1.84257,1.84284,1.00,1.19
2014.03.26 05:47:10.625,1.84252,1.84278,2.07,1.00
2014.03.26 05:47:11.546,1.84252,1.84278,1.00,1.19
2014.03.26 05:47:11.862,1.84257,1.84279,1.00,1.19
2014.03.26 05:47:12.673,1.8426,1.84281,1.00,1.19
2014.03.26 05:47:12.898,1.84262,1.84286,1.00,1.00
2014.03.26 05:47:13.416,1.84262,1.8429,1.50,1.19
2014.03.26 05:47:17.592,1.84267,1.8429,1.00,1.19
2014.03.26 05:47:17.693,1.84271,1.84294,1.00,1.39
2014.03.26 05:47:18.212,1.84274,1.84296,1.00,1.69
2014.03.26 05:47:20.364,1.84277,1.84296,1.00,1.19
2014.03.26 05:47:20.516,1.84277,1.843,1.00,1.00
2014.03.26 05:47:20.629,1.84277,1.84302,1.00,1.00
2014.03.26 05:47:21.071,1.84281,1.84307,1.00,1.69
2014.03.26 05:47:22.144,1.84281,1.84304,1.00,1.00
2014.03.26 05:47:22.323,1.84281,1.84307,1.00,1.19
2014.03.26 05:47:25.293,1.84281,1.84303,1.00,1.00
2014.03.26 05:47:26.085,1.84281,1.84293,1.00,1.00
2014.03.26 05:47:26.135,1.84275,1.84293,1.63,1.00
2014.03.26 05:47:26.438,1.84271,1.84298,1.19,1.00
2014.03.26 05:47:26.648,1.84272,1.84298,1.00,1.00
2014.03.26 05:47:26.749,1.84272,1.84294,1.00,1.00
2014.03.26 05:47:30.463,1.84272,1.84289,1.00,1.00
2014.03.26 05:47:31.573,1.84272,1.84293,1.00,1.00
2014.03.26 05:47:33.872,1.84272,1.84299,1.00,1.19
2014.03.26 05:47:36.233,1.84272,1.84296,1.00,1.20
2014.03.26 05:47:36.824,1.84272,1.84283,1.00,1.00
2014.03.26 05:47:37.112,1.84265,1.84283,1.25,1.00
2014.03.26 05:47:37.169,1.8426,1.84278,1.19,1.00
2014.03.26 05:47:37.321,1.84259,1.84274,1.00,1.00
2014.03.26 05:47:37.371,1.84259,1.84268,1.00,1.00
2014.03.26 05:47:37.472,1.84249,1.84268,1.62,1.00
2014.03.26 05:47:39.102,1.84249,1.84273,1.19,1.00
2014.03.26 05:47:39.203,1.84249,1.84273,1.00,1.00
2014.03.26 05:47:39.372,1.84249,1.84269,1.00,1.00
2014.03.26 05:47:39.574,1.84246,1.84269,1.19,1.00
2014.03.26 05:47:44.911,1.84246,1.84269,1.00,1.00
2014.03.26 05:47:48.343,1.84246,1.84272,1.00,1.19
2014.03.26 05:47:48.494,1.84249,1.84273,1.00,1.19
2014.03.26 05:47:49.241,1.84249,1.84273,1.00,1.00
2014.03.26 05:47:56.042,1.84249,1.84275,1.00,1.39
2014.03.26 05:47:56.143,1.84249,1.84275,1.19,1.20
2014.03.26 05:47:56.244,1.84253,1.84278,1.00,1.00
2014.03.26 05:48:28.162,1.84253,1.84274,1.00,1.00
2014.03.26 05:48:44.454,1.84253,1.84279,1.00,1.69
2014.03.26 05:48:44.994,1.84253,1.84273,1.00,1.00
2014.03.26 05:48:54.702,1.84253,1.84278,1.00,1.00
2014.03.26 05:48:55.497,1.84253,1.84273,1.00,1.00
2014.03.26 05:48:55.649,1.84253,1.84278,1.19,1.00
2014.03.26 05:48:55.800,1.84259,1.84278,1.00,1.00
2014.03.26 05:49:15.674,1.84259,1.84278,1.19,1.00
2014.03.26 05:49:21.780,1.84259,1.84283,1.19,1.00
2014.03.26 05:49:21.910,1.84259,1.84283,1.19,1.00
2014.03.26 05:49:22.112,1.84263,1.84289,1.25,1.50
2014.03.26 05:49:32.052,1.84263,1.84284,1.25,1.00
2014.03.26 05:49:33.600,1.84263,1.84289,1.00,1.50
2014.03.26 05:49:36.151,1.84263,1.84289,1.00,1.69
2014.03.26 05:49:38.171,1.84263,1.84289,1.19,1.50
2014.03.26 05:49:45.191,1.84263,1.84289,1.19,1.50
2014.03.26 05:49:45.533,1.84267,1.84294,1.00,1.25
2014.03.26 05:49:45.685,1.84271,1.84294,1.00,1.25
2014.03.26 05:49:46.006,1.84276,1.84299,1.00,1.69
2014.03.26 05:49:46.207,1.84276,1.84299,1.25,1.00
2014.03.26 05:49:46.409,1.84278,1.84299,1.20,1.00
2014.03.26 05:49:46.945,1.84279,1.84299,1.00,1.00
2014.03.26 05:49:49.296,1.84279,1.84299,1.19,1.00
2014.03.26 05:49:53.242,1.84279,1.84299,1.00,1.00
2014.03.26 05:49:54.258,1.84276,1.84299,1.25,1.00
2014.03.26 05:49:54.600,1.84274,1.84289,1.19,1.00
2014.03.26 05:49:54.650,1.84267,1.84289,1.19,1.00
2014.03.26 05:49:54.810,1.84265,1.84291,2.44,1.00
2014.03.26 05:49:54.913,1.84269,1.84293,1.19,1.00
2014.03.26 05:49:55.166,1.84265,1.84289,1.19,1.00
2014.03.26 05:49:55.831,1.84265,1.8429,1.19,1.00
2014.03.26 05:49:55.932,1.84267,1.84294,1.84,1.00
2014.03.26 05:49:55.983,1.84267,1.84294,1.65,1.00
2014.03.26 05:49:56.918,1.84268,1.84294,1.20,1.00
2014.03.26 05:49:57.609,1.84268,1.84295,1.20,1.00
2014.03.26 05:49:57.659,1.84271,1.84298,1.25,1.00
2014.03.26 05:49:58.113,1.84271,1.84293,1.25,1.00
2014.03.26 05:50:04.604,1.84276,1.84293,1.20,1.00
2014.03.26 05:50:04.908,1.84276,1.84283,1.20,1.00
2014.03.26 05:50:04.958,1.84273,1.84283,1.32,1.00
2014.03.26 05:50:05.160,1.84271,1.84288,1.19,1.00
2014.03.26 05:50:09.276,1.84268,1.84288,1.20,1.00
2014.03.26 05:50:09.881,1.84267,1.84288,1.20,1.00
2014.03.26 05:50:14.864,1.84267,1.84278,1.20,1.00
2014.03.26 05:50:15.065,1.84263,1.84278,1.20,1.00
2014.03.26 05:50:17.800,1.84263,1.84283,1.20,1.00
2014.03.26 05:50:17.920,1.84267,1.84283,1.20,1.00
2014.03.26 05:50:18.172,1.84264,1.84283,1.65,1.00
2014.03.26 05:50:18.374,1.84266,1.84283,1.00,1.00
2014.03.26 05:50:19.313,1.84267,1.84283,1.20,1.00
2014.03.26 05:50:22.311,1.84267,1.84289,1.20,1.00
2014.03.26 05:50:30.315,1.84267,1.84284,1.20,1.00
2014.03.26 05:50:36.630,1.84267,1.84279,1.20,1.00
2014.03.26 05:50:36.781,1.84264,1.84279,1.20,1.00
2014.03.26 05:50:36.882,1.84262,1.84279,1.00,1.00
2014.03.26 05:50:36.933,1.8426,1.84279,1.20,1.00
2014.03.26 05:50:37.627,1.8426,1.84274,1.20,1.00
2014.03.26 05:50:38.062,1.8426,1.84272,1.20,1.00
2014.03.26 05:50:38.213,1.84258,1.84269,1.00,1.00
2014.03.26 05:50:38.365,1.84256,1.84268,1.25,1.00
2014.03.26 05:50:38.618,1.84256,1.84273,1.25,1.00
2014.03.26 05:50:49.600,1.84256,1.84278,1.00,1.00
2014.03.26 05:50:49.801,1.84256,1.84273,1.00,1.00
2014.03.26 05:51:00.910,1.84256,1.84279,1.00,1.00
2014.03.26 05:51:02.365,1.84256,1.84282,1.00,1.00
2014.03.26 05:51:02.416,1.84259,1.84282,1.20,1.00
2014.03.26 05:51:02.731,1.84259,1.84278,1.00,1.00
2014.03.26 05:51:05.790,1.84259,1.84274,1.00,1.00
2014.03.26 05:51:09.490,1.84259,1.84269,1.00,1.00
2014.03.26 05:51:09.608,1.84259,1.84274,1.00,1.00
2014.03.26 05:51:11.142,1.8425,1.84268,1.57,1.00
2014.03.26 05:51:11.243,1.84247,1.84268,1.39,1.00
2014.03.26 05:51:13.175,1.84247,1.84268,1.20,1.00
2014.03.26 05:51:19.609,1.84247,1.84272,1.20,1.25
2014.03.26 05:51:19.660,1.84251,1.84272,1.20,1.25
2014.03.26 05:51:23.294,1.84251,1.84274,1.20,1.00
2014.03.26 05:51:23.345,1.84258,1.84274,1.00,1.00
2014.03.26 05:51:23.674,1.84263,1.8428,1.20,1.19
2014.03.26 05:51:24.159,1.8427,1.8428,1.20,1.19
2014.03.26 05:51:24.422,1.8427,1.84284,1.20,1.00
2014.03.26 05:51:24.563,1.84263,1.84284,1.20,1.00
2014.03.26 05:51:24.940,1.84259,1.84284,1.39,1.00
2014.03.26 05:51:25.147,1.84258,1.84279,1.19,1.00
2014.03.26 05:51:26.151,1.8426,1.84283,1.00,1.00
2014.03.26 05:51:26.353,1.84269,1.84289,1.00,1.19
2014.03.26 05:51:26.824,1.84265,1.84291,1.00,1.69
2014.03.26 05:51:26.975,1.84262,1.84285,1.00,1.00
2014.03.26 05:51:27.026,1.84266,1.84285,1.00,1.00
2014.03.26 05:51:27.391,1.84266,1.84279,1.00,1.00
2014.03.26 05:51:27.478,1.84255,1.84279,1.25,1.00
2014.03.26 05:51:28.339,1.84255,1.84278,1.25,1.00
2014.03.26 05:51:53.126,1.84256,1.84278,1.20,1.00
2014.03.26 05:51:54.199,1.84259,1.84278,1.20,1.00
2014.03.26 05:51:54.421,1.8426,1.84283,1.00,1.19
2014.03.26 05:51:54.472,1.8426,1.84283,1.00,1.00
2014.03.26 05:51:54.623,1.84259,1.84278,1.20,1.00
2014.03.26 05:51:55.409,1.84256,1.84278,1.00,1.00
2014.03.26 05:51:56.048,1.84261,1.84282,1.00,1.00
2014.03.26 05:51:56.383,1.8427,1.8429,1.20,1.57
2014.03.26 05:51:56.725,1.84273,1.8429,1.20,1.19
2014.03.26 05:51:56.955,1.84273,1.84294,1.20,1.00
2014.03.26 05:51:57.590,1.84273,1.84288,1.20,1.00
2014.03.26 05:51:57.835,1.84269,1.84288,1.00,1.00
2014.03.26 05:51:57.888,1.84264,1.84288,1.19,1.00
2014.03.26 05:51:57.989,1.84264,1.84288,1.00,1.00
2014.03.26 05:52:01.291,1.84267,1.84288,1.00,1.00
2014.03.26 05:52:01.465,1.84267,1.84294,1.00,1.19
2014.03.26 05:52:05.684,1.84267,1.84294,1.00,1.00
2014.03.26 05:52:16.472,1.84277,1.84294,1.00,1.00
2014.03.26 05:52:33.011,1.84277,1.84298,1.00,1.00
2014.03.26 05:52:33.139,1.84277,1.84293,1.00,1.00
2014.03.26 05:52:36.098,1.84277,1.84303,1.00,1.19
2014.03.26 05:52:36.199,1.8428,1.84304,1.00,1.00
2014.03.26 05:52:36.574,1.8428,1.84306,1.00,1.25
2014.03.26 05:52:36.625,1.84286,1.84309,1.00,1.19
2014.03.26 05:52:36.937,1.84288,1.84311,1.00,1.19
2014.03.26 05:52:37.249,1.84292,1.84311,1.00,1.19
2014.03.26 05:52:38.805,1.84292,1.84313,1.00,1.00
2014.03.26 05:52:38.906,1.84292,1.84318,1.00,1.19
2014.03.26 05:52:38.957,1.84299,1.84318,1.00,1.19
2014.03.26 05:52:39.058,1.84296,1.84318,1.00,1.19
2014.03.26 05:52:39.465,1.84296,1.84304,1.00,1.00
2014.03.26 05:52:40.019,1.84292,1.84304,1.00,1.00
2014.03.26 05:52:51.901,1.84292,1.84303,1.00,1.00
2014.03.26 05:52:52.002,1.84285,1.84303,1.00,1.00
2014.03.26 05:53:01.097,1.84285,1.84298,1.00,1.00
2014.03.26 05:53:10.248,1.84285,1.84304,1.00,1.00
2014.03.26 05:53:13.969,1.84285,1.84298,1.00,1.00
2014.03.26 05:53:41.323,1.84283,1.84298,1.00,1.00
2014.03.26 05:53:52.287,1.84286,1.84298,1.00,1.00
2014.03.26 05:54:07.808,1.84286,1.84303,1.00,1.00
2014.03.26 05:54:07.915,1.84286,1.84308,1.00,1.19
2014.03.26 05:54:08.526,1.84286,1.84304,1.00,1.00
2014.03.26 05:54:08.997,1.84286,1.84298,1.00,1.00
2014.03.26 05:54:10.286,1.84286,1.84304,1.00,1.00
2014.03.26 05:54:11.034,1.84286,1.84308,1.00,1.19
2014.03.26 05:54:11.654,1.84286,1.84308,1.00,1.25
2014.03.26 05:54:27.709,1.84286,1.84304,1.00,1.00
2014.03.26 05:54:28.623,1.84286,1.84303,1.00,1.00
2014.03.26 05:54:31.007,1.84286,1.84309,1.00,1.25
2014.03.26 05:54:31.159,1.8429,1.84309,1.00,1.25
2014.03.26 05:54:31.501,1.84294,1.84309,1.00,1.25
2014.03.26 05:54:38.752,1.8429,1.84309,1.00,1.00
2014.03.26 05:54:40.376,1.84286,1.84304,1.00,1.00
2014.03.26 05:54:40.696,1.84286,1.84299,1.00,1.00
2014.03.26 05:54:41.119,1.84286,1.84303,1.00,1.00
2014.03.26 05:54:42.550,1.84286,1.84309,1.00,1.19
2014.03.26 05:54:43.077,1.84286,1.84309,1.00,1.00
2014.03.26 05:54:43.535,1.84286,1.84304,1.00,1.00
2014.03.26 05:54:45.970,1.84282,1.84304,1.00,1.00
2014.03.26 05:54:46.070,1.84282,1.84299,1.00,1.00
2014.03.26 05:54:46.222,1.84279,1.84299,1.00,1.00
2014.03.26 05:54:46.604,1.84279,1.84294,1.00,1.00
2014.03.26 05:54:46.655,1.8427,1.8429,1.19,1.20
2014.03.26 05:54:47.085,1.8427,1.84288,1.19,1.00
2014.03.26 05:54:47.237,1.84268,1.84288,1.00,1.00
2014.03.26 05:54:49.796,1.84268,1.8429,1.00,1.09
2014.03.26 05:54:50.305,1.84268,1.84289,1.00,1.00
2014.03.26 05:54:50.457,1.84268,1.84294,1.00,1.50
2014.03.26 05:54:50.608,1.84268,1.84283,1.00,1.00
2014.03.26 05:54:50.823,1.84268,1.84288,1.00,1.00
2014.03.26 05:54:50.936,1.84264,1.84288,1.00,1.00
2014.03.26 05:54:52.683,1.84268,1.84288,1.00,1.20
2014.03.26 05:54:52.734,1.84268,1.84292,1.00,1.09
2014.03.26 05:54:53.036,1.84271,1.84294,1.00,1.19
2014.03.26 05:54:53.451,1.84275,1.84297,1.00,1.19
2014.03.26 05:54:53.741,1.84275,1.84299,1.00,1.00
2014.03.26 05:54:54.099,1.84275,1.84293,1.00,1.00
2014.03.26 05:54:55.971,1.84275,1.84301,1.00,1.19
2014.03.26 05:54:58.169,1.84275,1.84301,1.00,1.25
2014.03.26 05:54:58.948,1.84278,1.84304,1.00,1.69
2014.03.26 05:54:59.405,1.84278,1.84304,1.00,2.59
2014.03.26 05:55:06.496,1.84278,1.84304,1.00,2.59
2014.03.26 05:55:13.151,1.84278,1.84304,1.00,1.69
2014.03.26 05:55:15.148,1.84278,1.84304,1.00,1.69
2014.03.26 05:55:33.078,1.84278,1.84304,1.00,1.69
2014.03.26 05:55:40.345,1.84282,1.84304,1.00,1.25
2014.03.26 05:55:46.059,1.84282,1.84304,1.00,1.19
2014.03.26 05:55:56.046,1.84282,1.84304,1.00,1.19
2014.03.26 05:55:59.144,1.84282,1.84307,1.00,1.39
2014.03.26 05:56:00.547,1.84282,1.84307,1.00,1.39
2014.03.26 05:56:01.852,1.84282,1.84307,1.00,1.39
2014.03.26 05:56:12.215,1.84282,1.84305,1.00,1.09
2014.03.26 05:56:17.741,1.84282,1.84305,1.00,1.39
2014.03.26 05:56:24.162,1.84282,1.84305,1.00,1.20
2014.03.26 05:56:30.763,1.84282,1.84305,1.00,1.39
2014.03.26 05:56:36.098,1.84277,1.84299,1.00,1.00
2014.03.26 05:56:36.625,1.84273,1.84299,1.19,1.50
2014.03.26 05:56:36.856,1.84271,1.84297,1.19,1.00
2014.03.26 05:56:39.447,1.84269,1.84297,1.00,1.25
2014.03.26 05:56:41.034,1.84269,1.84294,1.00,1.00
2014.03.26 05:56:41.387,1.84269,1.84289,1.00,1.00
2014.03.26 05:56:47.353,1.84269,1.84297,1.00,1.32
2014.03.26 05:56:47.403,1.84269,1.84297,1.00,1.32
2014.03.26 05:56:49.456,1.84269,1.84293,1.00,1.00
2014.03.26 05:56:49.832,1.84269,1.84289,1.00,1.00
2014.03.26 05:56:53.747,1.84269,1.84297,1.00,1.25
2014.03.26 05:57:09.434,1.84269,1.84297,1.00,1.32
2014.03.26 05:57:12.345,1.84269,1.84289,1.00,1.00
2014.03.26 05:57:12.565,1.84265,1.84289,1.00,1.00
2014.03.26 05:57:14.698,1.84261,1.84289,1.00,1.50
2014.03.26 05:57:14.748,1.84261,1.84284,1.00,1.00
2014.03.26 05:57:17.408,1.84261,1.84289,1.00,1.69
2014.03.26 05:57:20.144,1.84261,1.84284,1.00,1.00
2014.03.26 05:57:20.691,1.84261,1.84283,1.00,1.00
2014.03.26 05:57:21.894,1.84261,1.84285,1.00,1.00
2014.03.26 05:57:21.995,1.84261,1.84289,1.00,1.25
2014.03.26 05:57:23.665,1.84261,1.84289,1.00,1.63
2014.03.26 05:57:23.977,1.84252,1.84274,1.39,1.00
2014.03.26 05:57:24.078,1.84252,1.84277,1.19,1.00
2014.03.26 05:57:24.179,1.84251,1.84275,1.19,1.00
2014.03.26 05:57:24.280,1.84252,1.8428,1.19,1.00
2014.03.26 05:57:24.330,1.84252,1.84278,1.19,1.00
2014.03.26 05:57:24.645,1.84251,1.84273,1.19,1.00
2014.03.26 05:57:24.746,1.84249,1.84271,1.00,1.00
2014.03.26 05:57:24.848,1.84247,1.84272,1.00,1.88
2014.03.26 05:57:25.286,1.84251,1.84273,1.00,1.00
2014.03.26 05:57:25.504,1.84246,1.84272,1.25,1.13
2014.03.26 05:57:25.706,1.84246,1.84274,1.50,1.00
2014.03.26 05:57:26.200,1.84246,1.84271,1.00,1.00
2014.03.26 05:57:26.454,1.84247,1.84274,1.00,1.00
2014.03.26 05:57:26.908,1.84246,1.84274,1.00,1.88
2014.03.26 05:57:27.210,1.84247,1.84274,1.00,1.00
2014.03.26 05:57:27.624,1.84246,1.84274,1.00,1.88
2014.03.26 05:57:35.929,1.84246,1.84271,1.00,1.32
2014.03.26 05:57:43.954,1.84246,1.84272,1.19,1.00
2014.03.26 05:57:44.004,1.84249,1.84273,1.00,1.00
2014.03.26 05:57:44.220,1.84249,1.84277,1.65,2.07
2014.03.26 05:57:45.333,1.84249,1.84273,1.65,1.00
2014.03.26 05:57:45.434,1.84247,1.84273,1.25,1.50
2014.03.26 05:57:45.757,1.84247,1.84271,1.00,1.00
2014.03.26 05:57:46.746,1.84247,1.84272,1.00,1.13
2014.03.26 05:57:47.049,1.84247,1.84273,1.50,1.19
2014.03.26 05:57:47.996,1.84247,1.84273,1.00,1.00
2014.03.26 05:57:48.198,1.84249,1.84277,1.00,1.19
2014.03.26 05:57:48.625,1.84246,1.84269,1.13,1.00
2014.03.26 05:57:48.827,1.84246,1.84273,1.00,1.00
2014.03.26 05:57:49.181,1.84251,1.84273,1.00,1.25
2014.03.26 05:57:49.475,1.84245,1.84268,1.00,1.00
2014.03.26 05:57:49.636,1.84245,1.84273,1.00,1.69
2014.03.26 05:57:49.957,1.84251,1.84273,1.00,1.25
2014.03.26 05:57:52.665,1.84255,1.84273,1.00,1.00
2014.03.26 05:57:52.817,1.84256,1.84281,1.00,1.19
2014.03.26 05:57:53.119,1.84262,1.84283,1.00,1.19
2014.03.26 05:57:53.473,1.84265,1.84283,1.00,1.19
2014.03.26 05:57:53.685,1.84265,1.84289,1.00,1.00
2014.03.26 05:58:00.618,1.84271,1.84289,1.00,1.00
2014.03.26 05:58:22.880,1.84271,1.84294,1.00,1.25
2014.03.26 05:58:23.884,1.84271,1.84297,1.00,1.00
2014.03.26 05:58:23.934,1.84274,1.843,1.00,1.19
2014.03.26 05:58:26.962,1.84274,1.843,1.00,1.00
2014.03.26 05:58:32.095,1.84274,1.843,1.00,1.19
2014.03.26 05:58:35.437,1.84274,1.843,1.00,1.00
2014.03.26 05:58:41.221,1.84274,1.843,1.00,1.19
2014.03.26 05:58:42.625,1.84274,1.843,1.00,1.00
2014.03.26 05:58:48.849,1.84274,1.843,1.00,1.19
2014.03.26 05:58:51.287,1.84274,1.843,1.00,1.00
2014.03.26 05:58:57.300,1.84274,1.843,1.00,1.19
2014.03.26 05:59:14.658,1.8427,1.84293,1.00,1.19
2014.03.26 05:59:14.809,1.84263,1.84291,1.00,1.57
2014.03.26 05:59:15.011,1.8426,1.84286,1.38,1.00
2014.03.26 05:59:15.301,1.8426,1.84282,1.00,1.38
2014.03.26 05:59:15.357,1.84255,1.84281,1.13,1.88
2014.03.26 05:59:15.458,1.8426,1.84281,1.00,1.00
2014.03.26 05:59:15.509,1.8426,1.84286,1.00,1.38
2014.03.26 05:59:18.905,1.8426,1.84288,1.00,1.32
2014.03.26 05:59:25.218,1.8426,1.84288,1.00,1.32
2014.03.26 05:59:25.268,1.84264,1.8429,1.00,1.57
2014.03.26 05:59:26.672,1.84264,1.84283,1.00,1.00
2014.03.26 05:59:26.774,1.8426,1.84283,1.00,1.19
2014.03.26 05:59:32.489,1.84256,1.84278,1.00,1.19
2014.03.26 05:59:32.592,1.84253,1.84279,1.00,1.19
2014.03.26 05:59:36.034,1.84253,1.84278,1.00,1.19
2014.03.26 05:59:36.901,1.84249,1.84274,1.00,1.00
2014.03.26 05:59:37.053,1.84249,1.84274,1.00,1.19
2014.03.26 05:59:40.061,1.84249,1.84268,1.00,1.00
2014.03.26 05:59:40.219,1.84243,1.84268,1.00,1.00
2014.03.26 05:59:40.270,1.84243,1.84266,1.00,1.00
2014.03.26 05:59:40.320,1.8424,1.84266,1.00,1.50
2014.03.26 05:59:40.522,1.84243,1.84269,1.00,1.00
2014.03.26 05:59:40.774,1.84245,1.84273,1.00,1.69
2014.03.26 05:59:42.370,1.84245,1.84273,1.00,2.44
2014.03.26 05:59:42.421,1.84241,1.84267,1.00,1.00
2014.03.26 05:59:42.744,1.84244,1.84272,1.00,1.19
2014.03.26 05:59:44.074,1.84244,1.84272,1.00,1.19
2014.03.26 05:59:47.350,1.84244,1.84268,1.00,1.00
2014.03.26 05:59:47.451,1.84242,1.84268,1.00,1.69
2014.03.26 05:59:47.768,1.84246,1.84272,1.00,1.69
2014.03.26 05:59:49.687,1.84246,1.84272,1.00,1.19
2014.03.26 05:59:50.524,1.84248,1.84275,1.00,1.19
2014.03.26 05:59:51.017,1.84248,1.84276,1.00,2.67
2014.03.26 05:59:51.219,1.84253,1.84274,1.00,1.19
2014.03.26 05:59:51.543,1.84258,1.84278,1.00,1.42
2014.03.26 05:59:51.745,1.84255,1.84278,1.00,2.07
2014.03.26 05:59:51.846,1.84249,1.84277,1.38,1.19
2014.03.26 05:59:51.897,1.84249,1.84277,1.00,1.19
2014.03.26 05:59:54.252,1.84249,1.84277,1.00,1.69
2014.03.26 05:59:54.303,1.84252,1.84277,1.00,1.19
2014.03.26 05:59:57.782,1.84255,1.8428,1.00,1.19
2014.03.26 05:59:58.273,1.84264,1.8428,1.00,1.19
2014.03.26 05:59:58.601,1.84268,1.8428,1.00,1.19
2014.03.26 05:59:58.963,1.84268,1.84294,1.00,1.19
