2016.08.09 11:00:00.068,1.70781,1.70814,1.00,1.00
2016.08.09 11:00:00.123,1.70776,1.70803,2.25,1.00
2016.08.09 11:00:00.225,1.70776,1.70801,2.25,1.00
2016.08.09 11:00:00.326,1.70776,1.70799,1.50,1.00
2016.08.09 11:00:01.061,1.70771,1.70797,1.00,1.00
2016.08.09 11:00:01.213,1.70768,1.70793,1.50,1.00
2016.08.09 11:00:01.783,1.70768,1.70792,1.50,1.00
2016.08.09 11:00:02.290,1.70768,1.7079,1.50,1.00
2016.08.09 11:00:03.091,1.70768,1.70792,1.50,1.00
2016.08.09 11:00:03.291,1.70768,1.70789,1.50,1.00
2016.08.09 11:00:03.694,1.70768,1.70782,1.50,1.00
2016.08.09 11:00:04.692,1.70768,1.70781,1.50,1.00
2016.08.09 11:00:05.073,1.70768,1.70779,1.50,1.00
2016.08.09 11:00:05.809,1.70768,1.70778,1.50,1.00
2016.08.09 11:00:06.495,1.70768,1.70777,1.50,1.00
2016.08.09 11:00:07.202,1.70768,1.70778,1.50,1.00
2016.08.09 11:00:12.535,1.70768,1.70781,1.50,1.00
2016.08.09 11:00:14.603,1.70768,1.70795,1.50,1.50
2016.08.09 11:00:14.863,1.70768,1.70792,1.50,1.00
2016.08.09 11:00:16.028,1.70767,1.70792,1.50,1.00
2016.08.09 11:00:16.205,1.70767,1.70781,1.50,1.00
2016.08.09 11:00:16.842,1.70767,1.70784,1.50,1.00
2016.08.09 11:00:17.360,1.70767,1.70785,1.50,1.00
2016.08.09 11:00:18.069,1.70767,1.70786,1.50,1.00
2016.08.09 11:00:18.145,1.70767,1.70783,1.50,1.00
2016.08.09 11:00:18.681,1.70767,1.70782,1.50,1.00
2016.08.09 11:00:19.388,1.70767,1.70783,1.50,1.00
2016.08.09 11:00:19.910,1.70767,1.70779,1.50,1.00
2016.08.09 11:00:20.011,1.70767,1.70782,1.50,1.00
2016.08.09 11:00:20.062,1.70762,1.70782,1.50,1.00
2016.08.09 11:00:20.164,1.70757,1.70781,1.00,1.00
2016.08.09 11:00:20.673,1.70757,1.7078,1.00,1.00
2016.08.09 11:00:20.724,1.70757,1.70778,1.00,1.00
2016.08.09 11:00:21.254,1.70757,1.70777,1.00,1.00
2016.08.09 11:00:23.424,1.70757,1.70776,1.00,1.00
2016.08.09 11:00:24.013,1.70757,1.70781,1.00,1.00
2016.08.09 11:00:24.640,1.70757,1.70795,1.00,1.50
2016.08.09 11:00:24.691,1.70757,1.70795,1.00,1.50
2016.08.09 11:00:24.787,1.70755,1.70795,1.09,1.50
2016.08.09 11:00:24.838,1.70755,1.70792,1.09,1.00
2016.08.09 11:00:24.888,1.70755,1.70792,1.09,1.00
2016.08.09 11:00:24.939,1.70755,1.70781,1.09,1.00
2016.08.09 11:00:27.035,1.70758,1.70781,1.00,1.00
2016.08.09 11:00:27.235,1.70755,1.70781,1.09,1.00
2016.08.09 11:00:27.717,1.70755,1.70784,1.09,1.00
2016.08.09 11:00:28.016,1.70755,1.70784,1.00,1.00
2016.08.09 11:00:28.118,1.70755,1.70779,1.00,1.00
2016.08.09 11:00:28.390,1.7075,1.70776,1.50,1.00
2016.08.09 11:00:28.440,1.7075,1.70778,1.50,1.00
2016.08.09 11:00:28.541,1.7075,1.70781,2.25,1.00
2016.08.09 11:00:28.715,1.70752,1.70781,1.00,1.00
2016.08.09 11:00:29.119,1.70752,1.70779,1.00,1.00
2016.08.09 11:00:31.021,1.70752,1.70781,1.00,1.00
2016.08.09 11:00:32.122,1.70752,1.70784,1.50,1.00
2016.08.09 11:00:32.172,1.70753,1.70784,1.00,1.00
2016.08.09 11:00:34.924,1.70753,1.70781,1.00,1.00
2016.08.09 11:00:36.225,1.70752,1.70781,1.50,1.00
2016.08.09 11:00:37.430,1.70752,1.70781,1.00,1.00
2016.08.09 11:00:37.627,1.7075,1.70778,1.00,1.00
2016.08.09 11:00:37.777,1.7075,1.70775,1.50,1.00
2016.08.09 11:00:38.314,1.7075,1.70776,1.50,1.00
2016.08.09 11:00:38.364,1.7075,1.70773,1.00,1.00
2016.08.09 11:00:38.566,1.7075,1.70775,1.00,1.00
2016.08.09 11:00:39.147,1.7075,1.70775,1.00,1.00
2016.08.09 11:00:42.331,1.7075,1.70773,1.00,1.00
2016.08.09 11:00:43.427,1.70747,1.70773,1.00,1.00
2016.08.09 11:00:43.478,1.70747,1.70771,1.00,1.00
2016.08.09 11:00:43.841,1.70747,1.70769,1.00,1.00
2016.08.09 11:00:43.928,1.70742,1.70769,1.00,1.00
2016.08.09 11:00:44.451,1.70739,1.70764,1.34,1.00
2016.08.09 11:00:44.567,1.70739,1.70768,1.34,1.00
2016.08.09 11:00:44.926,1.70739,1.70767,1.00,1.00
2016.08.09 11:00:44.977,1.70739,1.70765,1.00,1.00
2016.08.09 11:00:45.535,1.70739,1.70763,1.00,1.00
2016.08.09 11:00:47.738,1.70739,1.7076,1.00,1.00
2016.08.09 11:00:48.323,1.70739,1.70759,1.00,1.00
2016.08.09 11:00:48.838,1.70739,1.70756,1.00,1.00
2016.08.09 11:00:50.440,1.70739,1.70759,1.00,1.00
2016.08.09 11:00:52.474,1.70739,1.70756,1.00,1.00
2016.08.09 11:00:52.643,1.70739,1.7076,1.00,1.00
2016.08.09 11:00:54.855,1.70739,1.70759,1.00,1.00
2016.08.09 11:00:54.906,1.70739,1.70752,1.00,1.00
2016.08.09 11:00:54.957,1.70739,1.70752,1.00,1.50
2016.08.09 11:00:55.058,1.70739,1.70751,1.00,1.00
2016.08.09 11:00:55.347,1.70739,1.70752,1.00,1.50
2016.08.09 11:00:55.646,1.70739,1.70751,1.00,1.00
2016.08.09 11:00:56.548,1.70739,1.70752,1.00,1.50
2016.08.09 11:00:56.905,1.70739,1.7075,1.00,1.00
2016.08.09 11:00:58.846,1.70732,1.7075,1.00,1.00
2016.08.09 11:00:59.097,1.70732,1.70752,1.00,1.50
2016.08.09 11:00:59.590,1.70732,1.7075,1.00,1.00
2016.08.09 11:01:00.201,1.70732,1.70751,1.00,1.00
2016.08.09 11:01:00.302,1.70732,1.70755,1.00,1.00
2016.08.09 11:01:00.353,1.70732,1.70751,1.00,1.00
2016.08.09 11:01:00.404,1.70724,1.70751,1.00,1.00
2016.08.09 11:01:00.620,1.70722,1.70746,1.00,1.00
2016.08.09 11:01:00.673,1.7072,1.70742,1.00,1.00
2016.08.09 11:01:01.026,1.7072,1.70739,1.00,1.00
2016.08.09 11:01:01.829,1.7072,1.70735,1.00,1.00
2016.08.09 11:01:02.354,1.7072,1.70733,1.00,1.00
2016.08.09 11:01:02.956,1.7072,1.70734,1.00,1.00
2016.08.09 11:01:04.257,1.7072,1.70735,1.00,1.00
2016.08.09 11:01:04.776,1.7072,1.70734,1.00,1.00
2016.08.09 11:01:05.342,1.7072,1.70733,1.00,1.00
2016.08.09 11:01:05.567,1.70717,1.70733,1.00,1.00
2016.08.09 11:01:05.872,1.70717,1.70729,1.00,1.00
2016.08.09 11:01:06.441,1.70716,1.70729,1.00,1.00
2016.08.09 11:01:06.492,1.70713,1.70731,1.00,1.00
2016.08.09 11:01:07.594,1.70713,1.70727,1.00,1.00
2016.08.09 11:01:08.042,1.70713,1.70721,1.00,1.00
2016.08.09 11:01:09.253,1.70694,1.70721,1.71,1.00
2016.08.09 11:01:09.425,1.70694,1.70721,1.37,1.00
2016.08.09 11:01:09.526,1.70692,1.70721,1.71,1.00
2016.08.09 11:01:09.627,1.70692,1.70716,1.37,1.00
2016.08.09 11:01:09.832,1.70688,1.7071,1.37,1.00
2016.08.09 11:01:09.998,1.70686,1.7071,1.50,1.00
2016.08.09 11:01:10.223,1.70686,1.70712,1.50,1.00
2016.08.09 11:01:10.274,1.70687,1.70711,2.21,1.00
2016.08.09 11:01:10.364,1.70687,1.70713,2.21,1.00
2016.08.09 11:01:10.465,1.70687,1.70708,2.21,1.00
2016.08.09 11:01:10.684,1.70686,1.70716,2.21,1.00
2016.08.09 11:01:10.735,1.70688,1.70716,1.71,1.00
2016.08.09 11:01:10.785,1.7069,1.7072,1.71,1.00
2016.08.09 11:01:10.895,1.70691,1.7072,1.71,1.00
2016.08.09 11:01:11.407,1.70691,1.70718,1.71,1.00
2016.08.09 11:01:11.919,1.70691,1.70717,1.71,1.00
2016.08.09 11:01:12.166,1.70691,1.70719,1.71,1.00
2016.08.09 11:01:12.615,1.70691,1.70719,1.46,1.00
2016.08.09 11:01:12.864,1.70689,1.70718,1.71,1.00
2016.08.09 11:01:13.415,1.70689,1.70718,1.37,1.00
2016.08.09 11:01:14.065,1.70689,1.70717,1.37,1.00
2016.08.09 11:01:14.472,1.70688,1.70717,1.37,1.00
2016.08.09 11:01:14.816,1.7069,1.70717,1.37,1.00
2016.08.09 11:01:15.457,1.7069,1.70718,1.37,1.00
2016.08.09 11:01:15.529,1.7069,1.70718,1.71,1.00
2016.08.09 11:01:15.791,1.70692,1.7072,1.71,1.00
2016.08.09 11:01:15.892,1.70692,1.70721,2.21,1.00
2016.08.09 11:01:16.020,1.70694,1.70721,1.37,1.00
2016.08.09 11:01:16.071,1.70694,1.70723,1.37,1.00
2016.08.09 11:01:16.200,1.70692,1.70723,2.21,1.00
2016.08.09 11:01:17.098,1.707,1.70723,1.50,1.00
2016.08.09 11:01:17.401,1.70692,1.70723,1.84,1.00
2016.08.09 11:01:17.793,1.70693,1.70723,1.09,1.00
2016.08.09 11:01:19.094,1.70692,1.70723,1.84,1.00
2016.08.09 11:01:19.145,1.70692,1.70723,1.50,1.00
2016.08.09 11:01:19.196,1.70692,1.70718,1.00,1.00
2016.08.09 11:01:19.246,1.70688,1.70718,1.34,1.00
2016.08.09 11:01:19.297,1.70692,1.70722,1.00,1.00
2016.08.09 11:01:19.374,1.70692,1.70723,1.50,1.00
2016.08.09 11:01:19.542,1.70693,1.70723,1.00,1.00
2016.08.09 11:01:19.673,1.70695,1.70723,1.00,1.00
2016.08.09 11:01:19.724,1.70695,1.70721,1.00,1.00
2016.08.09 11:01:19.774,1.70693,1.70721,1.00,1.00
2016.08.09 11:01:20.009,1.70694,1.70723,1.00,1.00
2016.08.09 11:01:20.375,1.70693,1.70722,1.50,1.00
2016.08.09 11:01:20.696,1.70694,1.70722,1.00,1.00
2016.08.09 11:01:20.997,1.70693,1.70722,1.50,1.00
2016.08.09 11:01:21.405,1.70693,1.70724,1.50,1.00
2016.08.09 11:01:21.456,1.70693,1.70724,3.34,1.00
2016.08.09 11:01:21.669,1.707,1.70731,1.00,1.00
2016.08.09 11:01:21.719,1.70708,1.70737,1.34,1.50
2016.08.09 11:01:22.525,1.70709,1.70737,1.00,1.50
2016.08.09 11:01:22.633,1.70707,1.70737,1.00,1.50
2016.08.09 11:01:23.899,1.70708,1.70737,1.00,1.50
2016.08.09 11:01:23.979,1.70708,1.70736,1.00,1.00
2016.08.09 11:01:24.030,1.70706,1.70736,1.00,1.00
2016.08.09 11:01:26.702,1.70706,1.70734,1.00,1.00
2016.08.09 11:01:29.485,1.70706,1.70732,1.00,1.00
2016.08.09 11:01:29.586,1.70706,1.70734,1.00,1.00
2016.08.09 11:01:30.331,1.70706,1.70732,1.00,1.00
2016.08.09 11:01:30.432,1.70709,1.70731,1.00,1.00
2016.08.09 11:01:30.482,1.70709,1.70731,1.09,1.00
2016.08.09 11:01:30.533,1.70709,1.70737,1.84,1.00
2016.08.09 11:01:30.634,1.70714,1.70737,1.00,1.00
2016.08.09 11:01:31.229,1.70714,1.70737,1.00,1.00
2016.08.09 11:01:33.474,1.70714,1.70741,1.00,1.00
2016.08.09 11:01:34.114,1.70714,1.70739,1.00,1.00
2016.08.09 11:01:35.114,1.70714,1.7074,1.00,1.00
2016.08.09 11:01:35.673,1.70714,1.70739,1.00,1.00
2016.08.09 11:01:35.811,1.70706,1.70734,1.37,1.00
2016.08.09 11:01:35.862,1.70708,1.70734,1.00,1.00
2016.08.09 11:01:36.343,1.70709,1.70734,1.34,1.00
2016.08.09 11:01:36.516,1.70706,1.70734,2.96,1.00
2016.08.09 11:01:36.567,1.70706,1.70734,1.37,1.00
2016.08.09 11:01:36.758,1.70706,1.70734,1.87,1.00
2016.08.09 11:01:36.859,1.70708,1.70734,1.12,1.00
2016.08.09 11:01:37.303,1.70713,1.70742,1.50,1.00
2016.08.09 11:01:37.354,1.70713,1.70742,2.59,1.00
2016.08.09 11:01:37.404,1.70713,1.70744,2.59,1.00
2016.08.09 11:01:38.038,1.70714,1.70743,1.34,1.00
2016.08.09 11:01:38.139,1.70713,1.70743,1.50,1.00
2016.08.09 11:01:38.240,1.70713,1.70739,1.50,1.00
2016.08.09 11:01:38.290,1.70713,1.70739,1.00,1.00
2016.08.09 11:01:41.241,1.70713,1.70738,1.00,1.00
2016.08.09 11:01:41.586,1.70709,1.70736,1.84,1.00
2016.08.09 11:01:42.942,1.70709,1.70738,1.84,1.00
2016.08.09 11:01:43.751,1.70709,1.70738,1.09,1.00
2016.08.09 11:01:44.125,1.70714,1.70738,1.00,1.00
2016.08.09 11:01:45.303,1.70714,1.70739,1.00,1.00
2016.08.09 11:01:45.357,1.70719,1.70739,1.00,1.00
2016.08.09 11:01:45.433,1.70719,1.70741,1.00,1.00
2016.08.09 11:01:45.627,1.70713,1.70742,1.50,1.00
2016.08.09 11:01:45.729,1.70718,1.70742,1.00,1.00
2016.08.09 11:01:46.128,1.70714,1.70741,1.00,1.00
2016.08.09 11:01:46.428,1.70719,1.7074,1.00,1.00
2016.08.09 11:01:49.807,1.70719,1.70739,1.00,1.00
2016.08.09 11:01:50.158,1.70713,1.70738,1.00,1.00
2016.08.09 11:01:52.110,1.70713,1.70736,1.00,1.00
2016.08.09 11:01:52.790,1.70714,1.70732,1.00,1.00
2016.08.09 11:01:52.841,1.70708,1.70732,1.00,1.00
2016.08.09 11:01:52.984,1.70714,1.70732,1.00,1.00
2016.08.09 11:01:53.652,1.70714,1.70734,1.00,1.00
2016.08.09 11:01:54.136,1.70714,1.70736,1.00,1.00
2016.08.09 11:01:54.813,1.70714,1.70738,1.00,1.00
2016.08.09 11:01:55.137,1.70709,1.70738,1.00,1.00
2016.08.09 11:01:55.213,1.70709,1.70735,1.00,1.00
2016.08.09 11:01:55.915,1.70714,1.70739,1.00,1.00
2016.08.09 11:01:56.339,1.70708,1.70739,1.84,1.00
2016.08.09 11:01:57.277,1.70714,1.70739,1.00,1.00
2016.08.09 11:02:00.443,1.70714,1.70738,1.00,1.00
2016.08.09 11:02:06.425,1.70714,1.70734,1.00,1.00
2016.08.09 11:02:07.564,1.70708,1.70734,1.00,1.00
2016.08.09 11:02:07.665,1.70713,1.70734,1.00,1.00
2016.08.09 11:02:08.260,1.70713,1.70736,1.00,1.00
2016.08.09 11:02:08.753,1.70708,1.70736,1.00,1.00
2016.08.09 11:02:09.354,1.70714,1.70736,1.00,1.00
2016.08.09 11:02:14.575,1.70714,1.70739,1.00,1.00
2016.08.09 11:02:14.800,1.70718,1.70739,1.00,1.00
2016.08.09 11:02:14.850,1.70718,1.70741,1.00,1.00
2016.08.09 11:02:15.052,1.70719,1.70743,1.00,1.00
2016.08.09 11:02:15.561,1.70718,1.70743,1.00,1.00
2016.08.09 11:02:16.434,1.70718,1.7074,1.00,1.00
2016.08.09 11:02:17.665,1.70719,1.7074,1.00,1.00
2016.08.09 11:02:18.250,1.70719,1.70739,1.00,1.00
2016.08.09 11:02:20.269,1.70724,1.70739,1.00,1.00
2016.08.09 11:02:20.338,1.70724,1.70741,1.00,1.00
2016.08.09 11:02:20.669,1.70718,1.70741,1.00,1.00
2016.08.09 11:02:22.671,1.70723,1.70741,1.00,1.00
2016.08.09 11:02:23.043,1.70719,1.70743,1.00,1.00
2016.08.09 11:02:24.273,1.70724,1.70743,1.00,1.00
2016.08.09 11:02:24.661,1.70718,1.70744,1.00,1.00
2016.08.09 11:02:24.880,1.70718,1.70747,1.50,1.00
2016.08.09 11:02:25.043,1.70718,1.70749,1.50,1.00
2016.08.09 11:02:25.243,1.70718,1.70748,1.00,1.00
2016.08.09 11:02:28.073,1.70718,1.70747,1.00,1.00
2016.08.09 11:02:30.558,1.70718,1.70747,1.50,1.00
2016.08.09 11:02:31.564,1.70718,1.70746,1.00,1.00
2016.08.09 11:02:31.836,1.70723,1.70749,1.00,1.00
2016.08.09 11:02:31.937,1.70718,1.70749,2.25,1.00
2016.08.09 11:02:31.988,1.70719,1.70751,1.00,1.00
2016.08.09 11:02:32.163,1.70724,1.70752,1.34,1.00
2016.08.09 11:02:32.214,1.70724,1.70752,1.00,1.00
2016.08.09 11:02:32.265,1.70724,1.70755,1.00,1.00
2016.08.09 11:02:32.468,1.70723,1.70752,1.50,1.00
2016.08.09 11:02:32.868,1.70726,1.70755,1.00,1.00
2016.08.09 11:02:33.605,1.70727,1.70756,1.00,1.00
2016.08.09 11:02:33.936,1.70724,1.70754,1.00,1.00
2016.08.09 11:02:34.953,1.70725,1.70756,1.00,1.00
2016.08.09 11:02:37.206,1.70722,1.70753,1.00,1.00
2016.08.09 11:02:37.257,1.70719,1.70745,1.50,1.00
2016.08.09 11:02:37.307,1.70719,1.70745,1.50,1.00
2016.08.09 11:02:37.358,1.7072,1.70745,1.00,1.00
2016.08.09 11:02:37.409,1.7072,1.70745,1.00,1.00
2016.08.09 11:02:37.459,1.70719,1.70746,1.50,1.00
2016.08.09 11:02:37.671,1.70719,1.70746,1.50,1.00
2016.08.09 11:02:37.743,1.7072,1.70746,1.00,1.00
2016.08.09 11:02:38.422,1.70718,1.70746,1.00,1.00
2016.08.09 11:02:38.473,1.70718,1.70746,1.50,1.00
2016.08.09 11:02:38.574,1.70718,1.70743,1.50,1.00
2016.08.09 11:02:38.675,1.70718,1.70743,1.50,1.00
2016.08.09 11:02:38.726,1.70718,1.70743,1.00,1.00
2016.08.09 11:02:38.776,1.70715,1.70743,1.00,1.00
2016.08.09 11:02:39.079,1.70715,1.70742,1.00,1.00
2016.08.09 11:02:40.281,1.70715,1.70742,1.00,1.00
2016.08.09 11:02:43.083,1.70715,1.70744,1.00,1.00
2016.08.09 11:02:43.673,1.70715,1.70745,1.00,1.00
2016.08.09 11:02:43.827,1.70715,1.70745,1.00,1.00
2016.08.09 11:02:43.878,1.70715,1.70744,1.00,1.00
2016.08.09 11:02:44.277,1.70715,1.70744,1.00,1.00
2016.08.09 11:02:45.279,1.70715,1.70744,1.00,1.00
2016.08.09 11:02:45.399,1.70715,1.70745,1.00,1.00
2016.08.09 11:02:46.112,1.70715,1.70744,1.00,1.00
2016.08.09 11:02:46.213,1.70715,1.70744,1.50,1.00
2016.08.09 11:02:46.314,1.70715,1.70744,1.00,1.00
2016.08.09 11:02:46.365,1.70715,1.70744,1.00,1.00
2016.08.09 11:02:46.436,1.70715,1.70744,1.00,1.00
2016.08.09 11:02:46.492,1.70715,1.70742,1.00,1.00
2016.08.09 11:02:48.372,1.70715,1.70744,1.00,1.00
2016.08.09 11:02:49.041,1.70715,1.70744,1.00,1.00
2016.08.09 11:02:49.421,1.70715,1.70744,1.00,1.00
2016.08.09 11:02:49.840,1.70715,1.70744,1.00,1.00
2016.08.09 11:02:50.202,1.70714,1.70744,1.50,1.00
2016.08.09 11:02:50.404,1.70714,1.70744,1.00,1.00
2016.08.09 11:02:50.804,1.70714,1.70744,1.50,1.00
2016.08.09 11:02:50.985,1.70714,1.70744,1.00,1.00
2016.08.09 11:02:51.086,1.70714,1.70745,1.50,1.00
2016.08.09 11:02:51.187,1.70714,1.70743,1.50,1.00
2016.08.09 11:02:51.405,1.70714,1.70743,2.25,1.00
2016.08.09 11:02:51.518,1.70714,1.70745,2.25,1.00
2016.08.09 11:02:51.986,1.70714,1.70744,1.50,1.00
2016.08.09 11:02:53.791,1.70715,1.70744,1.00,1.00
2016.08.09 11:02:53.994,1.70716,1.70746,1.00,1.00
2016.08.09 11:02:54.351,1.70714,1.70744,1.50,1.00
2016.08.09 11:02:54.626,1.70714,1.70744,1.00,1.00
2016.08.09 11:02:54.992,1.70714,1.70744,1.50,1.00
2016.08.09 11:02:55.043,1.70714,1.70744,1.50,1.00
2016.08.09 11:02:55.094,1.70714,1.70744,1.00,1.00
2016.08.09 11:02:55.428,1.70714,1.70744,1.00,1.00
2016.08.09 11:02:55.728,1.70714,1.70744,1.00,1.00
2016.08.09 11:02:58.482,1.70715,1.70744,1.00,1.00
2016.08.09 11:02:59.078,1.70714,1.70745,1.50,1.00
2016.08.09 11:03:00.408,1.70714,1.70745,1.50,1.00
2016.08.09 11:03:00.757,1.70714,1.70745,1.50,1.00
2016.08.09 11:03:01.010,1.70714,1.70744,1.00,1.00
2016.08.09 11:03:01.292,1.70714,1.70742,1.00,1.00
2016.08.09 11:03:01.409,1.70714,1.70742,1.00,1.00
2016.08.09 11:03:01.510,1.70715,1.70744,1.00,1.00
2016.08.09 11:03:01.786,1.70714,1.70744,1.00,1.00
2016.08.09 11:03:02.110,1.70714,1.70744,1.00,1.00
2016.08.09 11:03:02.210,1.70714,1.70744,1.00,1.00
2016.08.09 11:03:02.763,1.70714,1.70743,1.00,1.00
2016.08.09 11:03:02.813,1.70714,1.70745,1.50,1.00
2016.08.09 11:03:03.147,1.70714,1.70743,1.50,1.00
2016.08.09 11:03:03.198,1.70715,1.70744,1.00,1.00
2016.08.09 11:03:06.035,1.70714,1.70744,1.00,1.00
2016.08.09 11:03:07.486,1.70714,1.70743,1.00,1.00
2016.08.09 11:03:08.110,1.70714,1.70744,1.00,1.00
2016.08.09 11:03:08.361,1.70714,1.70744,1.00,1.00
2016.08.09 11:03:08.462,1.70714,1.70744,1.00,1.00
2016.08.09 11:03:09.189,1.70714,1.70745,1.50,1.00
2016.08.09 11:03:09.489,1.70714,1.70744,1.00,1.00
2016.08.09 11:03:10.527,1.70714,1.70744,1.00,1.00
2016.08.09 11:03:10.890,1.70714,1.70745,1.50,1.00
2016.08.09 11:03:16.603,1.70714,1.70745,1.84,1.00
2016.08.09 11:03:16.671,1.70715,1.70747,1.34,1.00
2016.08.09 11:03:16.887,1.70715,1.70747,1.84,1.00
2016.08.09 11:03:17.091,1.70716,1.70747,1.09,1.00
2016.08.09 11:03:17.482,1.70715,1.70747,1.84,1.00
2016.08.09 11:03:18.272,1.70715,1.70747,1.34,1.00
2016.08.09 11:03:18.539,1.70714,1.70745,1.84,1.00
2016.08.09 11:03:18.863,1.70715,1.70747,1.34,1.00
2016.08.09 11:03:19.303,1.70715,1.70747,1.84,1.00
2016.08.09 11:03:20.530,1.70717,1.70747,1.00,1.00
2016.08.09 11:03:22.944,1.70717,1.70747,1.00,1.00
2016.08.09 11:03:23.503,1.70717,1.70745,1.00,1.00
2016.08.09 11:03:24.313,1.70717,1.70747,1.00,1.00
2016.08.09 11:03:24.636,1.70717,1.70745,1.00,1.00
2016.08.09 11:03:25.215,1.70717,1.70746,1.00,1.00
2016.08.09 11:03:30.270,1.70716,1.70746,1.09,1.00
2016.08.09 11:03:30.651,1.70715,1.70747,1.34,1.00
2016.08.09 11:03:30.702,1.70717,1.70747,1.00,1.00
2016.08.09 11:03:31.063,1.70717,1.70745,1.00,1.00
2016.08.09 11:03:36.115,1.70717,1.70746,1.00,1.00
2016.08.09 11:03:37.343,1.70717,1.70746,1.37,1.00
2016.08.09 11:03:37.394,1.70717,1.70746,1.00,1.00
2016.08.09 11:03:40.363,1.70717,1.70748,1.50,1.00
2016.08.09 11:03:40.812,1.70718,1.70748,1.84,1.00
2016.08.09 11:03:40.929,1.70718,1.70748,2.59,1.00
2016.08.09 11:03:41.132,1.70724,1.70748,1.00,1.00
2016.08.09 11:03:41.233,1.70717,1.70748,1.84,1.00
2016.08.09 11:03:41.312,1.70717,1.70748,3.34,1.00
2016.08.09 11:03:41.599,1.70723,1.70748,1.34,1.00
2016.08.09 11:03:44.428,1.70719,1.70746,1.00,1.00
2016.08.09 11:03:44.649,1.7072,1.70748,1.84,1.00
2016.08.09 11:03:44.699,1.70723,1.70748,1.34,1.00
2016.08.09 11:03:44.750,1.70723,1.70752,1.84,1.00
2016.08.09 11:03:44.801,1.70729,1.70752,1.00,1.00
2016.08.09 11:03:45.238,1.70729,1.70757,1.00,1.00
2016.08.09 11:03:45.289,1.70729,1.70757,1.00,1.00
2016.08.09 11:03:45.471,1.70733,1.70757,1.00,1.00
2016.08.09 11:03:45.573,1.70733,1.70759,1.00,1.00
2016.08.09 11:03:46.103,1.70733,1.7076,1.00,1.00
2016.08.09 11:03:46.301,1.70738,1.7076,1.00,1.00
2016.08.09 11:03:46.403,1.70734,1.7076,1.00,1.00
2016.08.09 11:03:47.803,1.7073,1.7076,1.09,1.00
2016.08.09 11:03:47.955,1.7073,1.70758,1.09,1.00
2016.08.09 11:03:48.216,1.70734,1.70758,1.00,1.00
2016.08.09 11:03:48.333,1.7073,1.70757,1.09,1.00
2016.08.09 11:03:48.604,1.70733,1.70757,1.00,1.00
2016.08.09 11:03:48.706,1.7073,1.70757,1.00,1.00
2016.08.09 11:03:48.807,1.70728,1.70757,1.00,1.00
2016.08.09 11:03:49.128,1.70728,1.70755,1.00,1.00
2016.08.09 11:03:49.690,1.70728,1.70756,1.00,1.00
2016.08.09 11:03:50.200,1.70728,1.70755,1.00,1.00
2016.08.09 11:03:50.796,1.70728,1.70756,1.00,1.00
2016.08.09 11:03:50.906,1.70726,1.70756,1.00,1.00
2016.08.09 11:03:51.114,1.70725,1.70756,1.00,1.00
2016.08.09 11:03:51.166,1.70723,1.70753,1.00,1.00
2016.08.09 11:03:51.216,1.70722,1.70753,1.00,1.00
2016.08.09 11:03:51.267,1.70716,1.70746,2.25,1.00
2016.08.09 11:03:51.318,1.70717,1.70746,1.00,1.00
2016.08.09 11:03:51.500,1.70716,1.70746,1.50,1.00
2016.08.09 11:03:51.701,1.70716,1.70746,1.00,1.00
2016.08.09 11:03:52.035,1.70717,1.70748,1.00,1.00
2016.08.09 11:03:52.656,1.70715,1.70747,1.00,1.00
2016.08.09 11:03:52.807,1.70715,1.70747,1.34,1.00
2016.08.09 11:03:52.858,1.70718,1.70747,1.09,1.00
2016.08.09 11:03:52.909,1.70718,1.70747,1.09,1.00
2016.08.09 11:03:52.959,1.70718,1.70747,1.84,1.00
2016.08.09 11:03:53.109,1.70718,1.70747,1.09,1.00
2016.08.09 11:03:53.999,1.70718,1.70747,1.84,1.00
2016.08.09 11:03:54.050,1.70718,1.70747,1.84,1.00
2016.08.09 11:03:55.011,1.70719,1.70747,1.00,1.00
2016.08.09 11:03:55.062,1.70719,1.70747,1.34,1.00
2016.08.09 11:03:55.113,1.70723,1.70747,1.09,1.00
2016.08.09 11:03:55.338,1.70723,1.70747,1.00,1.00
2016.08.09 11:03:55.440,1.70719,1.70747,1.34,1.00
2016.08.09 11:03:55.541,1.70719,1.70759,1.34,1.00
2016.08.09 11:03:55.707,1.70719,1.70759,1.34,1.00
2016.08.09 11:03:55.908,1.7072,1.70759,1.09,1.00
2016.08.09 11:03:55.959,1.70723,1.70755,1.00,1.00
2016.08.09 11:03:56.010,1.70727,1.70755,1.00,1.00
2016.08.09 11:03:56.060,1.70727,1.70759,1.50,1.00
2016.08.09 11:03:56.111,1.70731,1.70759,1.00,1.00
2016.08.09 11:03:56.608,1.70728,1.70759,1.00,1.00
2016.08.09 11:03:58.814,1.70728,1.70759,1.00,1.00
2016.08.09 11:04:00.339,1.70728,1.70756,1.00,1.00
2016.08.09 11:04:00.884,1.70728,1.70756,1.00,1.00
2016.08.09 11:04:01.440,1.70728,1.70757,1.00,1.00
2016.08.09 11:04:01.791,1.70727,1.70755,1.00,1.00
2016.08.09 11:04:02.137,1.70723,1.70753,1.84,1.00
2016.08.09 11:04:02.320,1.70723,1.70753,2.36,1.00
2016.08.09 11:04:02.371,1.70723,1.70755,3.11,1.00
2016.08.09 11:04:02.769,1.70723,1.70755,2.59,1.00
2016.08.09 11:04:03.121,1.70723,1.70755,2.59,1.00
2016.08.09 11:04:03.522,1.70723,1.70755,2.59,1.00
2016.08.09 11:04:03.623,1.70726,1.70755,1.09,1.00
2016.08.09 11:04:03.923,1.70726,1.70755,1.09,1.00
2016.08.09 11:04:04.975,1.70726,1.70752,1.09,1.00
2016.08.09 11:04:05.026,1.70724,1.70752,1.34,1.00
2016.08.09 11:04:05.563,1.70724,1.70753,1.34,1.00
2016.08.09 11:04:06.350,1.70724,1.70755,1.34,1.00
2016.08.09 11:04:06.650,1.70724,1.70755,1.84,1.00
2016.08.09 11:04:06.723,1.70724,1.70755,1.34,1.00
2016.08.09 11:04:06.774,1.70724,1.70753,1.34,1.00
2016.08.09 11:04:06.926,1.70724,1.70753,1.84,1.00
2016.08.09 11:04:07.411,1.70718,1.70744,1.00,1.00
2016.08.09 11:04:07.563,1.70718,1.70747,1.00,1.00
2016.08.09 11:04:07.664,1.70723,1.70747,1.00,1.00
2016.08.09 11:04:08.274,1.70723,1.70748,1.00,1.00
2016.08.09 11:04:08.578,1.70723,1.7075,1.00,1.00
2016.08.09 11:04:08.729,1.70728,1.7075,1.00,1.00
2016.08.09 11:04:09.172,1.70724,1.70749,1.00,1.00
2016.08.09 11:04:09.226,1.7072,1.70749,1.00,1.00
2016.08.09 11:04:09.482,1.70719,1.70744,1.00,1.00
2016.08.09 11:04:09.533,1.70723,1.70744,1.00,1.00
2016.08.09 11:04:09.837,1.70723,1.7074,1.00,1.00
2016.08.09 11:04:10.461,1.70724,1.70745,1.00,1.00
2016.08.09 11:04:10.993,1.70723,1.70746,1.00,1.00
2016.08.09 11:04:11.803,1.70724,1.70746,1.00,1.00
2016.08.09 11:04:13.047,1.70723,1.70746,1.00,1.00
2016.08.09 11:04:13.098,1.70723,1.70752,1.00,1.00
2016.08.09 11:04:13.148,1.70723,1.70752,1.00,1.00
2016.08.09 11:04:13.250,1.70726,1.70756,1.00,1.00
2016.08.09 11:04:13.351,1.70724,1.70756,1.50,1.00
2016.08.09 11:04:13.452,1.70724,1.70756,1.00,1.00
2016.08.09 11:04:13.502,1.70723,1.70749,1.00,1.00
2016.08.09 11:04:13.875,1.70721,1.70748,1.00,1.00
2016.08.09 11:04:14.454,1.70721,1.70747,1.00,1.00
2016.08.09 11:04:15.011,1.70724,1.70754,1.00,1.00
2016.08.09 11:04:15.112,1.70726,1.70754,1.00,1.00
2016.08.09 11:04:15.485,1.70726,1.70752,1.00,1.00
2016.08.09 11:04:15.687,1.70726,1.70754,1.00,1.00
2016.08.09 11:04:16.252,1.70726,1.70754,1.00,1.00
2016.08.09 11:04:17.904,1.70726,1.70754,1.00,1.00
2016.08.09 11:04:17.955,1.70726,1.70754,1.00,1.00
2016.08.09 11:04:18.056,1.70726,1.70753,1.00,1.00
2016.08.09 11:04:18.556,1.70726,1.70754,1.00,1.00
2016.08.09 11:04:18.674,1.70726,1.70754,1.00,1.00
2016.08.09 11:04:19.200,1.70726,1.70752,1.00,1.00
2016.08.09 11:04:20.109,1.70726,1.70753,1.00,1.00
2016.08.09 11:04:24.164,1.70726,1.70755,1.50,1.00
2016.08.09 11:04:24.602,1.70728,1.70755,1.00,1.00
2016.08.09 11:04:24.704,1.70728,1.70758,1.00,1.00
2016.08.09 11:04:26.080,1.70727,1.70756,1.00,1.00
2016.08.09 11:04:28.509,1.70728,1.70756,1.00,1.00
2016.08.09 11:04:28.669,1.70728,1.70758,1.00,1.00
2016.08.09 11:04:29.259,1.70727,1.70758,1.00,1.00
2016.08.09 11:04:31.085,1.70726,1.70756,1.50,1.00
2016.08.09 11:04:31.135,1.70726,1.70756,1.00,1.84
2016.08.09 11:04:31.186,1.70718,1.70733,1.00,1.00
2016.08.09 11:04:31.237,1.70717,1.70733,1.00,1.00
2016.08.09 11:04:31.469,1.70702,1.7073,1.52,1.00
2016.08.09 11:04:31.520,1.70698,1.70728,1.37,1.00
2016.08.09 11:04:31.622,1.70701,1.70728,1.00,1.00
2016.08.09 11:04:31.723,1.70701,1.70728,1.34,1.00
2016.08.09 11:04:31.774,1.70705,1.70736,1.00,1.00
2016.08.09 11:04:31.824,1.70705,1.70736,1.34,1.00
2016.08.09 11:04:31.875,1.7071,1.70736,1.34,1.00
2016.08.09 11:04:31.926,1.7071,1.70736,1.34,1.00
2016.08.09 11:04:31.977,1.70714,1.70743,1.00,1.00
2016.08.09 11:04:32.179,1.70715,1.70744,1.00,1.00
2016.08.09 11:04:32.230,1.70718,1.70744,1.00,1.00
2016.08.09 11:04:33.679,1.70718,1.70743,1.00,1.00
2016.08.09 11:04:35.402,1.70718,1.70745,1.00,1.00
2016.08.09 11:04:36.099,1.70715,1.70745,1.00,1.00
2016.08.09 11:04:36.625,1.70715,1.70743,1.00,1.00
2016.08.09 11:04:37.127,1.70715,1.70744,1.00,1.00
2016.08.09 11:04:38.690,1.70715,1.70741,1.00,1.00
2016.08.09 11:04:38.791,1.70715,1.70743,1.00,1.00
2016.08.09 11:04:38.842,1.70712,1.70743,1.00,1.00
2016.08.09 11:04:43.718,1.70712,1.70741,1.00,1.00
2016.08.09 11:04:44.302,1.70712,1.70738,1.00,1.00
2016.08.09 11:04:44.353,1.70708,1.70738,1.00,1.00
2016.08.09 11:04:44.403,1.7071,1.70732,1.00,1.00
2016.08.09 11:04:44.454,1.70705,1.70732,1.00,1.00
2016.08.09 11:04:45.710,1.70705,1.70736,1.50,1.00
2016.08.09 11:04:45.761,1.7071,1.70736,1.00,1.00
2016.08.09 11:04:45.862,1.7071,1.70735,1.00,1.00
2016.08.09 11:04:45.913,1.7071,1.70739,1.00,1.00
2016.08.09 11:04:46.226,1.7071,1.70739,1.00,1.00
2016.08.09 11:04:46.427,1.7071,1.70739,1.00,1.00
2016.08.09 11:04:46.799,1.70714,1.70739,1.00,1.00
2016.08.09 11:04:46.909,1.70711,1.70739,1.00,1.00
2016.08.09 11:04:47.319,1.70711,1.70739,1.00,1.00
2016.08.09 11:04:50.026,1.70711,1.7074,1.00,1.00
2016.08.09 11:04:50.770,1.70711,1.7074,1.00,1.00
2016.08.09 11:04:52.195,1.70711,1.70739,1.00,1.00
2016.08.09 11:04:52.474,1.70707,1.70731,1.00,1.00
2016.08.09 11:04:52.693,1.70707,1.70733,1.00,1.00
2016.08.09 11:04:52.794,1.70707,1.70731,1.00,1.00
2016.08.09 11:04:53.184,1.70703,1.70731,1.00,1.00
2016.08.09 11:04:54.084,1.70702,1.70731,1.50,1.00
2016.08.09 11:04:54.134,1.70702,1.70731,1.00,1.00
2016.08.09 11:04:54.440,1.70702,1.70729,1.00,1.00
2016.08.09 11:04:54.494,1.70702,1.70731,1.00,1.00
2016.08.09 11:04:57.039,1.70702,1.70731,1.50,1.00
2016.08.09 11:04:57.297,1.70702,1.7073,1.00,1.00
2016.08.09 11:04:58.138,1.70702,1.70728,1.00,1.00
2016.08.09 11:04:58.258,1.707,1.70728,1.00,1.00
2016.08.09 11:04:58.751,1.70697,1.70727,1.00,1.00
2016.08.09 11:04:58.853,1.70697,1.70727,1.00,1.00
2016.08.09 11:04:59.156,1.70699,1.70727,1.00,1.00
2016.08.09 11:04:59.347,1.70699,1.70727,1.00,1.00
2016.08.09 11:04:59.690,1.70697,1.70722,1.00,1.00
2016.08.09 11:04:59.740,1.70694,1.70721,1.00,1.00
2016.08.09 11:04:59.842,1.70693,1.70724,1.50,1.00
2016.08.09 11:05:00.044,1.70694,1.70724,1.00,1.00
2016.08.09 11:05:00.145,1.70696,1.70727,1.00,1.00
2016.08.09 11:05:00.358,1.70698,1.70728,1.00,1.00
2016.08.09 11:05:00.511,1.70698,1.70726,1.00,1.00
2016.08.09 11:05:01.136,1.70698,1.70728,1.00,1.00
2016.08.09 11:05:01.949,1.70698,1.70729,1.50,1.00
2016.08.09 11:05:02.107,1.70698,1.70728,1.00,1.00
2016.08.09 11:05:02.908,1.707,1.70731,1.00,1.00
2016.08.09 11:05:03.912,1.70701,1.70732,1.00,1.00
2016.08.09 11:05:04.210,1.70704,1.70734,1.00,1.00
2016.08.09 11:05:04.910,1.70706,1.70735,1.00,1.00
2016.08.09 11:05:11.316,1.70706,1.70737,1.00,1.00
2016.08.09 11:05:11.739,1.70706,1.70735,1.00,1.00
2016.08.09 11:05:11.841,1.70706,1.70737,1.00,1.00
2016.08.09 11:05:21.234,1.7071,1.70736,1.84,1.00
2016.08.09 11:05:21.336,1.70728,1.70751,1.34,1.87
2016.08.09 11:05:21.558,1.70731,1.70762,1.34,1.37
2016.08.09 11:05:21.609,1.70731,1.70762,1.34,1.50
2016.08.09 11:05:21.660,1.70732,1.70762,1.34,1.00
2016.08.09 11:05:21.710,1.70732,1.70764,1.34,1.00
2016.08.09 11:05:21.761,1.70732,1.70762,1.34,1.00
2016.08.09 11:05:21.862,1.70733,1.70765,1.09,1.00
2016.08.09 11:05:22.439,1.70733,1.70766,1.09,1.00
2016.08.09 11:05:22.501,1.70735,1.70769,1.00,1.00
2016.08.09 11:05:22.551,1.70738,1.7077,1.00,1.00
2016.08.09 11:05:22.653,1.70745,1.70775,1.00,1.00
2016.08.09 11:05:22.956,1.70743,1.70774,1.00,1.00
2016.08.09 11:05:24.242,1.70743,1.70775,1.00,1.00
2016.08.09 11:05:24.775,1.70746,1.70777,1.00,1.50
2016.08.09 11:05:24.826,1.70746,1.70776,1.00,1.00
2016.08.09 11:05:24.876,1.70739,1.70768,1.00,1.00
2016.08.09 11:05:25.511,1.7074,1.70769,1.00,1.00
2016.08.09 11:05:25.563,1.70747,1.70778,1.00,1.00
2016.08.09 11:05:25.868,1.70749,1.70782,1.00,1.00
2016.08.09 11:05:26.070,1.70752,1.70781,1.00,1.00
2016.08.09 11:05:26.549,1.7075,1.70782,1.00,1.00
2016.08.09 11:05:26.776,1.70751,1.70776,1.00,1.00
2016.08.09 11:05:26.828,1.70751,1.7078,1.00,1.00
2016.08.09 11:05:26.879,1.70741,1.70763,1.00,1.00
2016.08.09 11:05:26.980,1.70741,1.70769,1.00,1.00
2016.08.09 11:05:27.031,1.7074,1.70769,1.84,1.00
2016.08.09 11:05:27.081,1.70744,1.70774,1.34,1.00
2016.08.09 11:05:27.305,1.70743,1.70775,1.09,1.00
2016.08.09 11:05:27.904,1.70743,1.70775,1.00,1.00
2016.08.09 11:05:28.255,1.70742,1.70773,1.00,1.00
2016.08.09 11:05:28.562,1.70745,1.70775,1.00,1.00
2016.08.09 11:05:28.877,1.70744,1.70773,1.00,1.00
2016.08.09 11:05:28.978,1.70744,1.70776,1.00,1.00
2016.08.09 11:05:29.218,1.70743,1.70774,1.00,1.00
2016.08.09 11:05:29.268,1.70744,1.70776,1.00,1.00
2016.08.09 11:05:29.370,1.70745,1.70776,1.00,1.00
2016.08.09 11:05:29.751,1.70746,1.70777,1.00,1.00
2016.08.09 11:05:30.054,1.70745,1.70776,1.00,1.00
2016.08.09 11:05:30.950,1.70745,1.70772,1.00,1.00
2016.08.09 11:05:31.152,1.70745,1.70774,1.00,1.00
2016.08.09 11:05:31.454,1.70745,1.7077,1.00,1.00
2016.08.09 11:05:31.680,1.70741,1.7077,1.00,1.00
2016.08.09 11:05:31.983,1.70741,1.70772,1.00,1.00
2016.08.09 11:05:32.085,1.70742,1.70773,1.00,1.00
2016.08.09 11:05:32.186,1.70748,1.70775,1.00,1.00
2016.08.09 11:05:32.288,1.70749,1.70778,1.00,1.00
2016.08.09 11:05:32.338,1.70753,1.70778,1.00,1.00
2016.08.09 11:05:32.490,1.70753,1.70782,1.00,1.00
2016.08.09 11:05:32.773,1.70753,1.70785,1.00,1.00
2016.08.09 11:05:32.969,1.70753,1.70783,1.00,1.00
2016.08.09 11:05:33.458,1.70756,1.70784,1.00,1.00
2016.08.09 11:05:35.188,1.70754,1.70784,1.00,1.00
2016.08.09 11:05:35.629,1.70757,1.70786,1.00,1.00
2016.08.09 11:05:36.192,1.70757,1.70789,1.00,1.00
2016.08.09 11:05:37.581,1.70759,1.7079,1.00,1.50
2016.08.09 11:05:37.682,1.70759,1.7079,1.00,1.00
2016.08.09 11:05:38.190,1.7076,1.70791,1.00,1.00
2016.08.09 11:05:39.374,1.70761,1.70793,1.00,1.00
2016.08.09 11:05:39.476,1.70764,1.70795,1.00,1.00
2016.08.09 11:05:40.186,1.70766,1.70796,1.00,1.50
2016.08.09 11:05:40.287,1.7077,1.70799,1.00,1.00
2016.08.09 11:05:40.389,1.7077,1.70802,1.00,1.00
2016.08.09 11:05:40.490,1.70773,1.70804,1.00,1.00
2016.08.09 11:05:40.540,1.70773,1.70804,1.09,1.00
2016.08.09 11:05:40.692,1.70775,1.70806,1.00,1.00
2016.08.09 11:05:40.954,1.70781,1.70812,1.00,1.00
2016.08.09 11:05:41.010,1.70784,1.70813,1.00,1.00
2016.08.09 11:05:41.060,1.70784,1.70815,1.00,1.00
2016.08.09 11:05:41.161,1.70782,1.70814,1.00,1.00
2016.08.09 11:05:41.349,1.70784,1.70815,1.00,1.00
2016.08.09 11:05:42.879,1.70787,1.70816,1.00,1.00
2016.08.09 11:05:43.185,1.70785,1.70816,1.00,1.00
2016.08.09 11:05:43.695,1.70785,1.70814,1.00,1.00
2016.08.09 11:05:44.242,1.70786,1.70815,1.00,1.00
2016.08.09 11:05:44.772,1.70783,1.70814,1.00,1.00
2016.08.09 11:05:45.698,1.70782,1.70815,1.00,1.00
2016.08.09 11:05:46.179,1.70782,1.70812,1.00,1.00
2016.08.09 11:05:46.708,1.70782,1.70813,1.00,1.00
2016.08.09 11:05:47.286,1.70782,1.70811,1.00,1.00
2016.08.09 11:05:47.817,1.70781,1.70812,1.00,1.00
2016.08.09 11:05:48.624,1.70781,1.70812,1.00,1.34
2016.08.09 11:05:48.837,1.70767,1.70785,2.02,1.00
2016.08.09 11:05:48.888,1.70767,1.70781,1.00,1.00
2016.08.09 11:05:48.990,1.70739,1.70769,1.00,1.00
2016.08.09 11:05:49.041,1.70735,1.70769,1.00,1.00
2016.08.09 11:05:49.091,1.70739,1.70769,1.00,1.00
2016.08.09 11:05:49.294,1.70734,1.70769,1.00,1.00
2016.08.09 11:05:49.344,1.70732,1.70767,1.00,1.00
2016.08.09 11:05:49.683,1.70739,1.70772,1.00,1.00
2016.08.09 11:05:49.784,1.70743,1.70775,1.00,1.50
2016.08.09 11:05:49.885,1.70743,1.70775,1.50,1.00
2016.08.09 11:05:50.037,1.70742,1.70776,1.00,1.00
2016.08.09 11:05:50.594,1.70744,1.70774,1.00,1.00
2016.08.09 11:05:50.645,1.70742,1.70775,1.00,1.00
2016.08.09 11:05:51.148,1.70743,1.70774,1.00,1.00
2016.08.09 11:05:51.437,1.70742,1.70776,1.00,1.00
2016.08.09 11:05:51.840,1.70742,1.70774,1.00,1.00
2016.08.09 11:05:51.941,1.70742,1.70776,1.00,1.00
2016.08.09 11:05:52.446,1.7074,1.70763,1.00,1.00
2016.08.09 11:05:52.497,1.70732,1.70763,1.00,1.00
2016.08.09 11:05:53.026,1.70734,1.70765,1.00,1.00
2016.08.09 11:05:53.177,1.70725,1.70754,1.00,1.00
2016.08.09 11:05:53.228,1.70723,1.70754,1.00,1.00
2016.08.09 11:05:53.279,1.70719,1.7075,1.50,1.00
2016.08.09 11:05:53.329,1.70719,1.7075,1.00,1.00
2016.08.09 11:05:53.583,1.70717,1.70746,1.00,1.00
2016.08.09 11:05:53.870,1.70723,1.70754,1.00,1.00
2016.08.09 11:05:53.971,1.70728,1.70761,1.00,1.00
2016.08.09 11:05:54.072,1.7073,1.70762,1.00,1.00
2016.08.09 11:05:54.641,1.70733,1.70764,1.00,1.00
2016.08.09 11:05:54.777,1.70731,1.70764,1.00,1.00
2016.08.09 11:05:55.131,1.70732,1.70763,1.50,1.00
2016.08.09 11:05:55.232,1.70732,1.70763,1.00,1.00
2016.08.09 11:05:56.178,1.70733,1.70762,1.00,1.00
2016.08.09 11:05:56.229,1.70733,1.7076,1.00,1.50
2016.08.09 11:05:56.280,1.70719,1.70748,1.50,1.00
2016.08.09 11:05:56.330,1.70719,1.70748,1.50,1.00
2016.08.09 11:05:56.382,1.70719,1.70749,1.00,1.00
2016.08.09 11:05:56.483,1.70718,1.70749,1.50,1.00
2016.08.09 11:05:56.585,1.70721,1.70751,1.00,1.00
2016.08.09 11:05:56.988,1.70723,1.70751,1.00,1.00
2016.08.09 11:05:57.304,1.70719,1.7075,1.34,1.00
2016.08.09 11:05:57.356,1.70723,1.70754,1.00,1.00
2016.08.09 11:05:57.875,1.70724,1.70755,1.00,1.00
2016.08.09 11:05:57.944,1.70724,1.70755,1.50,1.00
2016.08.09 11:05:58.186,1.70724,1.70757,1.50,1.00
2016.08.09 11:05:58.288,1.70724,1.70757,1.00,1.00
2016.08.09 11:05:58.444,1.70724,1.70754,1.00,1.00
2016.08.09 11:05:58.596,1.70721,1.70753,1.00,1.00
2016.08.09 11:05:58.748,1.70724,1.70754,1.00,1.00
2016.08.09 11:05:58.850,1.7072,1.70752,1.00,1.00
2016.08.09 11:05:59.124,1.70717,1.70747,1.00,1.00
2016.08.09 11:05:59.174,1.70715,1.70745,1.50,1.00
2016.08.09 11:05:59.718,1.70715,1.70745,1.84,1.00
2016.08.09 11:05:59.769,1.70719,1.70748,1.00,1.00
2016.08.09 11:06:00.518,1.70721,1.70748,1.00,1.00
2016.08.09 11:06:00.568,1.70722,1.70753,1.00,1.00
2016.08.09 11:06:00.721,1.70722,1.70753,1.50,1.00
2016.08.09 11:06:00.873,1.70722,1.70751,1.00,1.00
2016.08.09 11:06:01.171,1.70722,1.70753,1.50,1.00
2016.08.09 11:06:01.535,1.70722,1.70752,1.00,1.00
2016.08.09 11:06:01.586,1.70711,1.70742,2.02,1.00
2016.08.09 11:06:01.636,1.70711,1.70742,1.50,1.00
2016.08.09 11:06:01.687,1.70711,1.70741,1.00,1.00
2016.08.09 11:06:01.738,1.7071,1.70741,1.00,1.00
2016.08.09 11:06:01.890,1.70713,1.70745,1.00,1.00
2016.08.09 11:06:03.843,1.70713,1.70745,1.34,1.00
2016.08.09 11:06:03.995,1.70718,1.70749,1.00,1.00
2016.08.09 11:06:04.651,1.70721,1.70751,1.00,1.00
2016.08.09 11:06:04.996,1.70724,1.70753,1.00,1.00
2016.08.09 11:06:05.098,1.70723,1.70755,1.00,1.00
2016.08.09 11:06:05.607,1.70722,1.70755,1.00,1.00
2016.08.09 11:06:05.877,1.70723,1.70753,1.00,1.00
2016.08.09 11:06:06.055,1.70723,1.70755,1.00,1.00
2016.08.09 11:06:07.655,1.70724,1.70756,1.00,1.00
2016.08.09 11:06:08.435,1.70724,1.7075,1.00,1.00
2016.08.09 11:06:08.485,1.70714,1.70744,1.12,1.00
2016.08.09 11:06:08.536,1.70714,1.70744,1.00,1.00
2016.08.09 11:06:08.637,1.7071,1.70741,1.50,1.00
2016.08.09 11:06:08.688,1.70713,1.70742,1.00,1.00
2016.08.09 11:06:08.962,1.70719,1.70747,1.00,1.00
2016.08.09 11:06:09.013,1.70719,1.7075,1.00,1.00
2016.08.09 11:06:09.645,1.70719,1.7075,1.34,1.00
2016.08.09 11:06:09.797,1.70723,1.70753,1.00,1.00
2016.08.09 11:06:10.008,1.70723,1.70753,1.00,1.00
2016.08.09 11:06:10.268,1.70723,1.70755,1.34,1.00
2016.08.09 11:06:10.470,1.70731,1.70762,1.34,1.50
2016.08.09 11:06:10.522,1.70731,1.70762,1.34,1.00
2016.08.09 11:06:10.573,1.70735,1.70766,1.00,1.00
2016.08.09 11:06:10.624,1.70735,1.70766,1.00,1.50
2016.08.09 11:06:11.012,1.70735,1.70766,1.00,1.00
2016.08.09 11:06:11.271,1.70737,1.70766,1.00,1.50
2016.08.09 11:06:11.321,1.70737,1.70766,1.00,1.00
2016.08.09 11:06:11.936,1.70737,1.70766,1.00,1.34
2016.08.09 11:06:11.994,1.70737,1.70762,1.00,1.00
2016.08.09 11:06:12.060,1.70723,1.7075,1.12,1.00
2016.08.09 11:06:12.111,1.70719,1.7075,1.50,1.00
2016.08.09 11:06:12.379,1.70719,1.70748,1.00,1.00
2016.08.09 11:06:12.733,1.70719,1.70748,1.09,1.00
2016.08.09 11:06:12.784,1.70721,1.70752,1.00,1.00
2016.08.09 11:06:12.885,1.70721,1.70754,1.00,1.00
2016.08.09 11:06:13.486,1.70723,1.70756,1.00,1.00
2016.08.09 11:06:13.772,1.70723,1.70756,1.34,1.00
2016.08.09 11:06:14.184,1.70723,1.70756,1.84,1.00
2016.08.09 11:06:14.286,1.70723,1.70758,1.84,1.00
2016.08.09 11:06:14.488,1.70724,1.70755,1.09,1.00
2016.08.09 11:06:14.774,1.70725,1.70756,1.00,1.00
2016.08.09 11:06:16.474,1.70723,1.70753,1.00,1.00
2016.08.09 11:06:16.575,1.70714,1.70745,2.02,1.00
2016.08.09 11:06:16.626,1.70715,1.70745,1.27,1.00
2016.08.09 11:06:16.677,1.70715,1.70741,1.00,1.00
2016.08.09 11:06:16.727,1.7071,1.70741,1.50,1.00
2016.08.09 11:06:17.111,1.7071,1.70741,1.00,1.00
2016.08.09 11:06:18.176,1.70711,1.70741,1.00,1.00
2016.08.09 11:06:18.466,1.7071,1.70741,1.00,1.00
2016.08.09 11:06:18.589,1.70707,1.70738,1.09,1.00
2016.08.09 11:06:19.370,1.70711,1.70738,1.00,1.00
2016.08.09 11:06:20.206,1.70707,1.7074,1.09,1.00
2016.08.09 11:06:20.410,1.70709,1.7074,1.00,1.00
2016.08.09 11:06:20.632,1.7071,1.70741,1.00,1.00
2016.08.09 11:06:20.683,1.70709,1.70739,1.50,1.00
2016.08.09 11:06:21.167,1.70709,1.70739,1.00,1.00
2016.08.09 11:06:21.218,1.70707,1.70736,1.09,1.00
2016.08.09 11:06:21.370,1.70707,1.70736,1.00,1.00
2016.08.09 11:06:21.421,1.70705,1.70736,1.50,1.00
2016.08.09 11:06:21.846,1.70706,1.70736,1.00,1.00
2016.08.09 11:06:22.111,1.70709,1.70741,1.00,1.00
2016.08.09 11:06:22.162,1.7071,1.70741,1.00,1.00
2016.08.09 11:06:22.213,1.70709,1.70741,1.00,1.00
2016.08.09 11:06:22.364,1.70709,1.70741,1.00,1.71
2016.08.09 11:06:22.415,1.70701,1.70732,1.12,1.00
2016.08.09 11:06:22.466,1.70701,1.70732,1.00,1.00
2016.08.09 11:06:22.516,1.70698,1.7072,1.00,1.00
2016.08.09 11:06:22.830,1.70688,1.70719,1.00,1.00
2016.08.09 11:06:22.881,1.70691,1.7072,1.00,1.00
2016.08.09 11:06:22.982,1.70689,1.7072,1.00,1.00
2016.08.09 11:06:23.136,1.7069,1.70721,1.34,1.00
2016.08.09 11:06:23.187,1.70692,1.70722,1.00,1.00
2016.08.09 11:06:23.288,1.707,1.70732,1.00,1.00
2016.08.09 11:06:23.620,1.707,1.70732,1.50,1.00
2016.08.09 11:06:23.721,1.70715,1.70744,1.00,1.00
2016.08.09 11:06:23.822,1.70713,1.70746,1.00,1.00
2016.08.09 11:06:23.992,1.70713,1.70743,1.00,1.00
2016.08.09 11:06:24.204,1.70714,1.70745,1.00,1.00
2016.08.09 11:06:26.015,1.70711,1.70742,1.00,1.00
2016.08.09 11:06:26.066,1.70709,1.70742,1.00,1.00
2016.08.09 11:06:26.218,1.70707,1.70739,1.00,1.00
2016.08.09 11:06:26.320,1.70705,1.70737,1.00,1.00
2016.08.09 11:06:26.472,1.70704,1.70737,1.00,1.00
2016.08.09 11:06:27.066,1.70705,1.70736,1.00,1.00
2016.08.09 11:06:27.589,1.70706,1.70738,1.00,1.00
2016.08.09 11:06:28.500,1.70706,1.70737,1.00,1.00
2016.08.09 11:06:30.018,1.70706,1.70739,1.00,1.00
2016.08.09 11:06:30.422,1.70705,1.70736,1.00,1.00
2016.08.09 11:06:30.926,1.70706,1.70738,1.00,1.00
2016.08.09 11:06:31.027,1.7071,1.7074,1.00,1.00
2016.08.09 11:06:31.129,1.70706,1.70738,1.00,1.00
2016.08.09 11:06:31.757,1.70708,1.70738,1.00,1.00
2016.08.09 11:06:32.409,1.70709,1.70741,1.00,1.00
2016.08.09 11:06:32.910,1.70703,1.70736,1.00,1.00
2016.08.09 11:06:33.011,1.70707,1.70737,1.00,1.00
2016.08.09 11:06:33.214,1.7071,1.70741,1.00,1.00
2016.08.09 11:06:33.596,1.70707,1.70741,1.00,1.50
2016.08.09 11:06:33.931,1.70709,1.70741,1.00,1.50
2016.08.09 11:06:34.086,1.70707,1.70739,1.00,1.00
2016.08.09 11:06:34.612,1.70709,1.70741,1.00,1.00
2016.08.09 11:06:35.160,1.70708,1.7074,1.00,1.00
2016.08.09 11:06:39.466,1.70708,1.7074,1.50,1.00
2016.08.09 11:06:39.517,1.70716,1.70744,1.00,1.00
2016.08.09 11:06:39.618,1.70714,1.70745,1.00,1.00
2016.08.09 11:06:40.524,1.70712,1.70741,1.00,1.00
2016.08.09 11:06:40.726,1.70709,1.70739,1.00,1.00
2016.08.09 11:06:40.928,1.70714,1.70745,1.00,1.00
2016.08.09 11:06:41.431,1.70715,1.70746,1.00,1.00
2016.08.09 11:06:41.827,1.70713,1.70743,1.00,1.00
2016.08.09 11:06:42.146,1.7071,1.70741,1.50,1.00
2016.08.09 11:06:42.900,1.7071,1.7074,1.00,1.00
2016.08.09 11:06:43.001,1.70708,1.70737,1.00,1.00
2016.08.09 11:06:43.298,1.70707,1.70737,1.00,1.00
2016.08.09 11:06:43.536,1.70706,1.70737,1.00,1.00
2016.08.09 11:06:43.638,1.70704,1.70736,1.50,1.00
2016.08.09 11:06:43.842,1.70704,1.70734,1.00,1.00
2016.08.09 11:06:45.335,1.70705,1.70735,1.00,1.00
2016.08.09 11:06:45.700,1.70704,1.70734,1.00,1.00
2016.08.09 11:06:49.443,1.70704,1.70731,1.00,1.00
2016.08.09 11:06:49.494,1.70703,1.70731,1.00,1.00
2016.08.09 11:06:49.545,1.70701,1.70729,1.00,1.00
2016.08.09 11:06:49.822,1.70702,1.70733,1.00,1.00
2016.08.09 11:06:49.923,1.70701,1.70731,1.00,1.00
2016.08.09 11:06:49.974,1.707,1.70732,1.00,1.50
2016.08.09 11:06:50.025,1.70698,1.70729,1.00,1.00
2016.08.09 11:06:50.554,1.70698,1.70727,1.00,1.50
2016.08.09 11:06:50.657,1.70698,1.70727,1.00,1.00
2016.08.09 11:06:50.708,1.70694,1.70725,1.00,1.00
2016.08.09 11:06:50.759,1.70699,1.70725,1.00,1.00
2016.08.09 11:06:50.860,1.70697,1.70728,1.00,1.00
2016.08.09 11:06:50.910,1.707,1.70729,1.00,1.00
2016.08.09 11:06:51.213,1.70702,1.70733,1.00,1.00
2016.08.09 11:06:51.315,1.707,1.70732,1.00,1.00
2016.08.09 11:06:51.416,1.70703,1.70732,1.00,1.00
2016.08.09 11:06:51.638,1.70703,1.70734,1.00,1.00
2016.08.09 11:06:52.132,1.70707,1.70738,1.00,1.00
2016.08.09 11:06:52.831,1.70708,1.7074,1.00,1.00
2016.08.09 11:06:53.910,1.70708,1.70737,1.00,1.00
2016.08.09 11:06:55.457,1.70712,1.70741,1.00,1.00
2016.08.09 11:06:55.558,1.70714,1.70745,1.00,1.00
2016.08.09 11:06:55.660,1.70712,1.70744,1.00,1.00
2016.08.09 11:06:55.913,1.70712,1.70741,1.00,1.00
2016.08.09 11:06:56.148,1.7071,1.70741,1.00,1.00
2016.08.09 11:06:56.219,1.70713,1.70743,1.00,1.00
2016.08.09 11:06:56.522,1.70708,1.7074,1.50,1.00
2016.08.09 11:06:56.623,1.70708,1.70738,1.00,1.00
2016.08.09 11:06:56.674,1.70707,1.70738,1.00,1.00
2016.08.09 11:06:56.964,1.70706,1.70737,1.50,1.00
2016.08.09 11:06:57.192,1.70707,1.70738,1.00,1.00
2016.08.09 11:06:59.973,1.70707,1.70736,1.00,1.00
2016.08.09 11:07:00.023,1.70702,1.70732,1.00,1.00
2016.08.09 11:07:00.175,1.70702,1.70731,1.00,1.50
2016.08.09 11:07:00.226,1.70702,1.70727,1.00,1.00
2016.08.09 11:07:00.277,1.70698,1.70727,1.00,1.00
2016.08.09 11:07:00.446,1.70698,1.70727,1.00,1.50
2016.08.09 11:07:00.547,1.70698,1.70727,1.00,1.00
2016.08.09 11:07:00.804,1.70698,1.70728,1.34,1.00
2016.08.09 11:07:00.855,1.70699,1.70731,1.34,1.00
2016.08.09 11:07:00.956,1.70701,1.70732,1.34,1.00
2016.08.09 11:07:01.007,1.70702,1.70732,1.34,1.00
2016.08.09 11:07:01.058,1.70705,1.70736,1.00,1.00
2016.08.09 11:07:01.108,1.70706,1.70736,1.00,1.00
2016.08.09 11:07:01.159,1.70706,1.70735,1.00,1.00
2016.08.09 11:07:01.852,1.70706,1.70736,1.00,1.00
2016.08.09 11:07:02.925,1.70706,1.70736,1.00,1.00
2016.08.09 11:07:02.976,1.70705,1.70726,1.00,1.00
2016.08.09 11:07:03.027,1.707,1.70726,1.00,1.00
2016.08.09 11:07:03.077,1.70699,1.70727,1.00,1.00
2016.08.09 11:07:03.128,1.70691,1.7072,1.84,1.00
2016.08.09 11:07:03.230,1.70694,1.70725,1.00,1.00
2016.08.09 11:07:03.434,1.70694,1.70725,1.09,1.00
2016.08.09 11:07:03.636,1.70693,1.70725,1.84,1.00
2016.08.09 11:07:03.929,1.70695,1.70725,1.00,1.00
2016.08.09 11:07:04.366,1.70694,1.70725,1.09,1.00
2016.08.09 11:07:10.941,1.70695,1.70727,1.00,1.00
2016.08.09 11:07:11.329,1.70694,1.70726,1.09,1.00
2016.08.09 11:07:12.044,1.70694,1.70725,1.09,1.00
2016.08.09 11:07:12.634,1.70694,1.70726,1.34,1.00
2016.08.09 11:07:12.889,1.70704,1.70737,1.00,1.00
2016.08.09 11:07:12.939,1.70704,1.70737,1.09,1.00
2016.08.09 11:07:13.041,1.70706,1.70735,1.00,1.00
2016.08.09 11:07:13.597,1.70705,1.70736,1.00,1.00
2016.08.09 11:07:13.930,1.70707,1.70737,1.00,1.00
2016.08.09 11:07:14.750,1.70707,1.70738,1.00,1.00
2016.08.09 11:07:15.433,1.70706,1.70738,1.00,1.00
2016.08.09 11:07:15.836,1.70708,1.70742,1.00,1.00
2016.08.09 11:07:15.887,1.70709,1.70742,1.00,1.00
2016.08.09 11:07:15.938,1.70709,1.70743,1.50,1.00
2016.08.09 11:07:15.989,1.70709,1.70743,1.50,1.00
2016.08.09 11:07:16.268,1.7071,1.70744,1.00,1.00
2016.08.09 11:07:17.758,1.70712,1.70746,1.00,1.00
2016.08.09 11:07:20.844,1.70713,1.70747,1.00,1.50
2016.08.09 11:07:22.823,1.70713,1.70746,1.00,1.00
2016.08.09 11:07:22.941,1.70715,1.70746,1.00,1.50
2016.08.09 11:07:23.042,1.70709,1.70743,1.50,1.00
2016.08.09 11:07:23.233,1.70713,1.70744,1.00,1.00
2016.08.09 11:07:23.341,1.7071,1.70744,1.00,1.00
2016.08.09 11:07:23.571,1.70714,1.70745,1.00,1.00
2016.08.09 11:07:24.116,1.70712,1.70745,1.00,1.00
2016.08.09 11:07:24.725,1.70713,1.70745,1.00,1.00
2016.08.09 11:07:25.051,1.70715,1.70747,1.34,1.00
2016.08.09 11:07:25.369,1.70714,1.70744,1.84,1.00
2016.08.09 11:07:25.420,1.70714,1.70744,1.50,1.00
2016.08.09 11:07:25.777,1.70714,1.70746,1.50,1.00
2016.08.09 11:07:27.668,1.70714,1.70744,1.50,1.00
2016.08.09 11:07:33.970,1.70714,1.70744,1.00,1.00
2016.08.09 11:07:38.372,1.70714,1.70741,1.00,1.00
2016.08.09 11:07:38.473,1.70706,1.70732,1.37,1.00
2016.08.09 11:07:38.524,1.70706,1.70732,1.00,1.00
2016.08.09 11:07:38.575,1.70706,1.70737,1.50,1.00
2016.08.09 11:07:38.626,1.70706,1.70737,1.84,1.00
2016.08.09 11:07:38.929,1.70708,1.70737,1.34,1.00
2016.08.09 11:07:38.980,1.70712,1.70743,1.00,1.00
2016.08.09 11:07:39.031,1.70712,1.70743,1.50,1.00
2016.08.09 11:07:39.257,1.70716,1.70747,1.09,1.00
2016.08.09 11:07:39.462,1.70718,1.70749,1.00,1.00
2016.08.09 11:07:39.963,1.70719,1.7075,1.00,1.00
2016.08.09 11:07:40.236,1.70716,1.70748,1.84,1.00
2016.08.09 11:07:40.387,1.70719,1.7075,1.00,1.00
2016.08.09 11:07:41.005,1.70719,1.70749,1.00,1.00
2016.08.09 11:07:41.523,1.7072,1.7075,1.00,1.00
2016.08.09 11:07:41.574,1.70717,1.70749,1.00,1.00
2016.08.09 11:07:41.859,1.70716,1.70747,1.00,1.00
2016.08.09 11:07:42.414,1.70716,1.70748,1.00,1.00
2016.08.09 11:07:43.460,1.70718,1.70749,1.00,1.00
2016.08.09 11:07:44.432,1.70718,1.70749,1.34,1.00
2016.08.09 11:07:44.483,1.7072,1.70749,1.00,1.00
2016.08.09 11:07:44.534,1.7072,1.70749,1.09,1.00
2016.08.09 11:07:44.585,1.7072,1.70752,1.09,1.00
2016.08.09 11:07:44.787,1.70722,1.70752,1.00,1.00
2016.08.09 11:07:44.989,1.7072,1.70754,1.09,1.00
2016.08.09 11:07:46.132,1.7072,1.70754,1.00,1.00
2016.08.09 11:07:46.182,1.7072,1.70752,1.00,1.00
2016.08.09 11:07:46.284,1.70717,1.70742,1.00,1.00
2016.08.09 11:07:46.334,1.70712,1.70742,1.00,1.00
2016.08.09 11:07:46.435,1.70711,1.70742,1.00,1.00
2016.08.09 11:07:46.965,1.70712,1.70741,1.00,1.00
2016.08.09 11:07:47.402,1.70713,1.70743,1.00,1.00
2016.08.09 11:07:53.072,1.70712,1.70741,1.00,1.00
2016.08.09 11:07:54.802,1.70713,1.70746,1.00,1.00
2016.08.09 11:07:54.903,1.70719,1.70748,1.00,1.50
2016.08.09 11:07:54.954,1.70719,1.70748,1.00,1.00
2016.08.09 11:07:55.004,1.70722,1.70751,1.00,1.00
2016.08.09 11:07:55.055,1.70722,1.70756,1.00,1.00
2016.08.09 11:07:55.106,1.70725,1.70757,1.00,1.50
2016.08.09 11:07:55.684,1.70725,1.70757,1.00,1.00
2016.08.09 11:07:56.572,1.70725,1.70751,1.00,1.00
2016.08.09 11:07:56.673,1.70712,1.70744,1.00,1.00
2016.08.09 11:07:56.774,1.70711,1.7074,1.00,1.00
2016.08.09 11:07:57.073,1.70711,1.70742,1.00,1.00
2016.08.09 11:07:59.075,1.70711,1.7074,1.00,1.00
2016.08.09 11:08:02.083,1.70718,1.70745,1.00,1.00
2016.08.09 11:08:02.133,1.70718,1.70749,1.00,1.00
2016.08.09 11:08:02.184,1.70721,1.70753,1.00,1.50
2016.08.09 11:08:02.386,1.70721,1.70753,1.00,1.00
2016.08.09 11:08:02.978,1.70721,1.70753,1.00,1.50
2016.08.09 11:08:04.072,1.70721,1.70752,1.00,1.00
2016.08.09 11:08:04.174,1.70721,1.70747,1.00,1.50
2016.08.09 11:08:04.397,1.7071,1.70741,1.12,1.00
2016.08.09 11:08:04.471,1.7071,1.70741,1.00,1.00
2016.08.09 11:08:04.583,1.7071,1.70741,1.00,1.50
2016.08.09 11:08:04.785,1.70702,1.70733,1.52,1.00
2016.08.09 11:08:04.836,1.70702,1.70733,1.00,1.00
2016.08.09 11:08:05.160,1.707,1.70731,1.00,1.00
2016.08.09 11:08:05.211,1.70709,1.70738,1.00,1.00
2016.08.09 11:08:05.463,1.70712,1.70741,1.00,1.00
2016.08.09 11:08:05.875,1.70712,1.70746,1.00,1.50
2016.08.09 11:08:06.083,1.70718,1.70746,1.00,1.00
2016.08.09 11:08:06.493,1.70719,1.70746,1.00,1.00
2016.08.09 11:08:06.594,1.70719,1.70746,1.00,1.00
2016.08.09 11:08:06.823,1.70718,1.70749,1.00,1.50
2016.08.09 11:08:07.101,1.7072,1.70751,1.00,1.00
2016.08.09 11:08:07.202,1.70712,1.70744,1.00,1.00
2016.08.09 11:08:07.606,1.70716,1.70747,1.00,1.00
2016.08.09 11:08:07.796,1.70717,1.7075,1.00,1.00
2016.08.09 11:08:08.343,1.70717,1.70749,1.00,1.00
2016.08.09 11:08:08.545,1.70716,1.70749,1.00,1.46
2016.08.09 11:08:08.596,1.70714,1.70742,1.00,1.00
2016.08.09 11:08:08.768,1.7071,1.7073,1.00,1.00
2016.08.09 11:08:08.819,1.70705,1.70736,1.00,1.00
2016.08.09 11:08:08.920,1.70709,1.70742,1.00,1.00
2016.08.09 11:08:09.431,1.70711,1.70744,1.00,1.00
2016.08.09 11:08:09.633,1.70709,1.70744,1.50,1.00
2016.08.09 11:08:09.826,1.70713,1.70744,1.00,1.00
2016.08.09 11:08:09.902,1.70717,1.70747,1.00,1.00
2016.08.09 11:08:10.104,1.70714,1.70745,1.00,1.00
2016.08.09 11:08:10.154,1.70714,1.70738,1.00,1.00
2016.08.09 11:08:10.205,1.70703,1.70734,2.40,1.00
2016.08.09 11:08:10.256,1.70703,1.70734,1.12,1.00
2016.08.09 11:08:10.306,1.70703,1.70734,1.00,1.00
2016.08.09 11:08:10.407,1.70704,1.70735,1.00,1.00
2016.08.09 11:08:11.189,1.70706,1.70735,1.00,1.00
2016.08.09 11:08:13.036,1.70705,1.70734,1.00,1.00
2016.08.09 11:08:13.356,1.70697,1.70726,1.00,1.00
2016.08.09 11:08:13.805,1.70697,1.70728,1.00,1.00
2016.08.09 11:08:17.615,1.70697,1.70726,1.00,1.00
2016.08.09 11:08:20.340,1.70697,1.70728,1.00,1.00
2016.08.09 11:08:20.501,1.70697,1.70728,1.50,1.00
2016.08.09 11:08:20.835,1.70698,1.7073,1.00,1.00
2016.08.09 11:08:20.885,1.70702,1.7073,1.00,1.00
2016.08.09 11:08:20.936,1.70704,1.70735,1.00,1.00
2016.08.09 11:08:21.647,1.70705,1.70736,1.00,1.00
2016.08.09 11:08:22.915,1.70704,1.70735,1.00,1.00
2016.08.09 11:08:26.442,1.70705,1.70736,1.00,1.00
2016.08.09 11:08:27.369,1.70705,1.70734,1.00,1.00
2016.08.09 11:08:27.420,1.70705,1.70736,1.00,1.00
2016.08.09 11:08:28.150,1.70704,1.70735,1.00,1.00
2016.08.09 11:08:29.028,1.70705,1.70736,1.00,1.00
2016.08.09 11:08:30.365,1.70717,1.70741,1.00,1.00
2016.08.09 11:08:30.416,1.70717,1.70749,1.00,1.00
2016.08.09 11:08:30.959,1.70718,1.70749,1.00,1.00
2016.08.09 11:08:31.110,1.70713,1.7074,1.00,1.00
2016.08.09 11:08:31.161,1.70711,1.7074,1.00,1.00
2016.08.09 11:08:31.212,1.70704,1.70735,1.00,1.00
2016.08.09 11:08:31.325,1.70702,1.70734,1.00,1.00
2016.08.09 11:08:31.551,1.70702,1.70732,1.00,1.00
2016.08.09 11:08:31.754,1.707,1.70732,1.50,1.00
2016.08.09 11:08:31.855,1.70701,1.70733,1.00,1.00
2016.08.09 11:08:32.232,1.70703,1.70735,1.00,1.00
2016.08.09 11:08:32.710,1.70706,1.70738,1.00,1.00
2016.08.09 11:08:33.612,1.70708,1.70739,1.00,1.00
2016.08.09 11:08:34.351,1.70707,1.70737,1.00,1.00
2016.08.09 11:08:36.424,1.70708,1.70739,1.00,1.00
2016.08.09 11:08:38.638,1.70715,1.70743,1.00,1.00
2016.08.09 11:08:38.739,1.70718,1.7075,1.00,1.00
2016.08.09 11:08:39.224,1.70716,1.7075,1.00,1.00
2016.08.09 11:08:40.361,1.70718,1.70748,1.00,1.00
2016.08.09 11:08:42.245,1.70716,1.70749,1.00,1.00
2016.08.09 11:08:42.844,1.70717,1.70749,1.00,1.00
2016.08.09 11:08:43.477,1.70716,1.70749,1.00,1.00
2016.08.09 11:08:43.528,1.70719,1.70751,1.00,1.50
2016.08.09 11:08:43.579,1.70719,1.70751,1.00,1.00
2016.08.09 11:08:43.831,1.70722,1.70751,1.00,1.00
2016.08.09 11:08:43.933,1.70719,1.70751,1.00,1.00
2016.08.09 11:08:44.034,1.70721,1.70752,1.00,1.00
2016.08.09 11:08:44.629,1.70722,1.70753,1.00,1.00
2016.08.09 11:08:45.453,1.70721,1.70752,1.00,1.00
2016.08.09 11:08:48.253,1.70719,1.70751,1.00,1.00
2016.08.09 11:08:48.562,1.70721,1.70752,1.00,1.00
2016.08.09 11:08:50.842,1.70722,1.70753,1.00,1.00
2016.08.09 11:08:51.429,1.70721,1.70752,1.00,1.00
2016.08.09 11:08:55.133,1.70723,1.70752,1.00,1.00
2016.08.09 11:08:55.433,1.70721,1.70752,1.00,1.00
2016.08.09 11:08:55.813,1.70723,1.70752,1.00,1.00
2016.08.09 11:08:56.769,1.70721,1.70752,1.00,1.00
2016.08.09 11:09:02.670,1.70722,1.70751,1.00,1.00
2016.08.09 11:09:02.872,1.70722,1.70753,1.00,1.00
2016.08.09 11:09:02.974,1.70723,1.70755,1.00,1.00
2016.08.09 11:09:03.075,1.70722,1.70753,1.00,1.00
2016.08.09 11:09:03.728,1.70724,1.70754,1.00,1.00
2016.08.09 11:09:04.376,1.70726,1.70755,1.00,1.00
2016.08.09 11:09:04.781,1.70722,1.70753,1.00,1.00
2016.08.09 11:09:04.884,1.70725,1.70756,1.00,1.00
2016.08.09 11:09:05.084,1.70722,1.70753,1.50,1.00
2016.08.09 11:09:05.848,1.70722,1.70753,1.00,1.00
2016.08.09 11:09:05.973,1.70718,1.70749,1.50,1.00
2016.08.09 11:09:06.201,1.70718,1.70749,1.00,1.00
2016.08.09 11:09:06.404,1.70713,1.70744,1.50,1.00
2016.08.09 11:09:06.729,1.70713,1.70744,1.00,1.00
2016.08.09 11:09:07.235,1.70712,1.70743,1.00,1.00
2016.08.09 11:09:08.146,1.70714,1.70743,1.00,1.00
2016.08.09 11:09:08.658,1.70714,1.70746,1.00,1.00
2016.08.09 11:09:08.760,1.70717,1.70746,1.00,1.00
2016.08.09 11:09:09.235,1.70713,1.70744,1.00,1.00
2016.08.09 11:09:09.286,1.70714,1.70746,1.00,1.50
2016.08.09 11:09:09.387,1.70714,1.70746,1.00,1.00
2016.08.09 11:09:09.489,1.7071,1.70742,1.00,1.00
2016.08.09 11:09:09.792,1.70712,1.70743,1.00,1.00
2016.08.09 11:09:10.142,1.70709,1.70738,1.00,1.00
2016.08.09 11:09:10.193,1.70709,1.7074,1.00,1.00
2016.08.09 11:09:10.712,1.7071,1.70741,1.00,1.00
2016.08.09 11:09:10.951,1.7071,1.70742,1.00,1.50
2016.08.09 11:09:11.254,1.70709,1.70738,1.00,1.00
2016.08.09 11:09:11.456,1.70707,1.70737,1.00,1.00
2016.08.09 11:09:11.557,1.70705,1.70736,1.00,1.00
2016.08.09 11:09:12.294,1.70706,1.70738,1.00,1.00
2016.08.09 11:09:12.395,1.70709,1.7074,1.00,1.00
2016.08.09 11:09:12.766,1.7071,1.70742,1.00,1.50
2016.08.09 11:09:13.095,1.70709,1.7074,1.00,1.00
2016.08.09 11:09:14.396,1.70706,1.70738,1.00,1.00
2016.08.09 11:09:14.698,1.70709,1.70738,1.00,1.00
2016.08.09 11:09:15.304,1.70708,1.70736,1.00,1.00
2016.08.09 11:09:15.355,1.70706,1.70738,1.00,1.00
2016.08.09 11:09:15.405,1.70706,1.70735,1.00,1.00
2016.08.09 11:09:15.456,1.70704,1.70735,1.00,1.00
2016.08.09 11:09:15.558,1.70706,1.70735,1.00,1.00
2016.08.09 11:09:15.659,1.70708,1.70739,1.00,1.00
2016.08.09 11:09:15.864,1.7071,1.70739,1.00,1.00
2016.08.09 11:09:16.277,1.7071,1.70742,1.00,1.50
2016.08.09 11:09:16.378,1.70709,1.70738,1.00,1.00
2016.08.09 11:09:16.580,1.7071,1.70742,1.00,1.50
2016.08.09 11:09:17.193,1.70708,1.70739,1.00,1.00
2016.08.09 11:09:19.568,1.70704,1.70735,1.00,1.00
2016.08.09 11:09:19.906,1.70706,1.70738,1.00,1.00
2016.08.09 11:09:20.172,1.70708,1.70739,1.00,1.50
2016.08.09 11:09:20.676,1.70706,1.70738,1.00,1.00
2016.08.09 11:09:21.156,1.70705,1.70736,1.00,1.00
2016.08.09 11:09:22.361,1.70703,1.70735,1.00,1.00
2016.08.09 11:09:22.412,1.70704,1.70737,1.00,1.00
2016.08.09 11:09:22.940,1.70703,1.70736,1.00,1.00
2016.08.09 11:09:24.298,1.70702,1.70735,1.00,1.00
2016.08.09 11:09:24.974,1.70703,1.70735,1.00,1.00
2016.08.09 11:09:25.504,1.70702,1.70734,1.00,1.00
2016.08.09 11:09:26.296,1.70705,1.70734,1.00,1.00
2016.08.09 11:09:26.969,1.70706,1.70735,1.00,1.00
2016.08.09 11:09:27.168,1.70704,1.70735,1.00,1.00
2016.08.09 11:09:28.885,1.70706,1.70738,1.00,1.00
2016.08.09 11:09:29.171,1.7071,1.70739,1.00,1.00
2016.08.09 11:09:29.272,1.70707,1.70737,1.00,1.00
2016.08.09 11:09:29.373,1.70709,1.70738,1.00,1.00
2016.08.09 11:09:34.393,1.70712,1.70743,1.00,1.00
2016.08.09 11:09:36.878,1.7071,1.70742,1.00,1.00
2016.08.09 11:09:37.383,1.70712,1.70743,1.00,1.00
2016.08.09 11:09:37.891,1.70713,1.70744,1.00,1.00
2016.08.09 11:09:40.123,1.7071,1.70742,1.00,1.00
2016.08.09 11:09:40.505,1.70713,1.70742,1.00,1.00
2016.08.09 11:09:42.199,1.7071,1.70742,1.00,1.00
2016.08.09 11:09:42.301,1.70709,1.7074,1.00,1.00
2016.08.09 11:09:42.514,1.70708,1.70735,1.00,1.00
2016.08.09 11:09:42.566,1.70706,1.70735,1.00,1.00
2016.08.09 11:09:42.617,1.70704,1.70735,1.00,1.00
2016.08.09 11:09:42.719,1.70704,1.70733,1.00,1.00
2016.08.09 11:09:43.033,1.70702,1.70732,1.00,1.00
2016.08.09 11:09:44.403,1.707,1.70731,1.00,1.00
2016.08.09 11:09:45.425,1.70699,1.7073,1.50,1.00
2016.08.09 11:09:45.628,1.707,1.70731,1.00,1.00
2016.08.09 11:09:45.945,1.70697,1.70726,1.00,1.00
2016.08.09 11:09:46.707,1.70698,1.70728,1.00,1.00
2016.08.09 11:09:47.817,1.70696,1.70725,1.50,1.00
2016.08.09 11:09:48.772,1.70696,1.70725,1.00,1.00
2016.08.09 11:09:49.133,1.70693,1.70725,1.00,1.00
2016.08.09 11:09:49.468,1.70696,1.70725,1.00,1.00
2016.08.09 11:09:49.519,1.70694,1.70726,1.00,1.00
2016.08.09 11:09:50.042,1.70692,1.70724,1.00,1.00
2016.08.09 11:09:50.342,1.70695,1.70725,1.00,1.00
2016.08.09 11:09:50.853,1.70696,1.70726,1.00,1.00
2016.08.09 11:09:52.200,1.70695,1.70726,1.00,1.00
2016.08.09 11:09:53.402,1.70693,1.70725,1.00,1.00
2016.08.09 11:09:55.428,1.70693,1.70722,1.00,1.00
2016.08.09 11:09:57.499,1.70694,1.70724,1.00,1.00
2016.08.09 11:09:57.601,1.70696,1.70725,1.00,1.00
2016.08.09 11:09:57.702,1.70697,1.70729,1.00,1.00
2016.08.09 11:09:57.752,1.70697,1.70729,1.34,1.00
2016.08.09 11:09:57.803,1.70704,1.70735,1.00,1.00
2016.08.09 11:10:01.329,1.70703,1.70734,1.00,1.00
2016.08.09 11:10:02.935,1.70703,1.70734,1.50,1.00
2016.08.09 11:10:03.036,1.70703,1.70734,1.00,1.00
2016.08.09 11:10:06.140,1.707,1.70731,1.00,1.00
2016.08.09 11:10:06.643,1.707,1.70731,1.00,1.50
2016.08.09 11:10:07.410,1.70699,1.7073,1.00,1.00
2016.08.09 11:10:07.743,1.70698,1.70729,1.09,1.00
2016.08.09 11:10:08.111,1.707,1.70729,1.00,1.00
2016.08.09 11:10:08.313,1.70702,1.70732,1.00,1.00
2016.08.09 11:10:08.818,1.70701,1.70733,1.00,1.00
2016.08.09 11:10:09.022,1.70699,1.7073,1.00,1.00
2016.08.09 11:10:09.073,1.70699,1.7073,1.00,1.00
2016.08.09 11:10:09.124,1.70697,1.7073,1.00,1.00
2016.08.09 11:10:09.225,1.70695,1.70727,1.00,1.00
2016.08.09 11:10:09.548,1.70697,1.70726,1.00,1.00
2016.08.09 11:10:10.152,1.70695,1.70726,1.00,1.00
2016.08.09 11:10:10.659,1.70696,1.70727,1.00,1.00
2016.08.09 11:10:11.362,1.70695,1.70726,1.00,1.00
2016.08.09 11:10:11.616,1.70697,1.70729,1.00,1.00
2016.08.09 11:10:11.819,1.70695,1.70726,1.00,1.00
2016.08.09 11:10:12.221,1.70699,1.7073,1.00,1.00
2016.08.09 11:10:12.427,1.70697,1.70729,1.00,1.00
2016.08.09 11:10:12.528,1.70696,1.70727,1.00,1.00
2016.08.09 11:10:12.818,1.70697,1.70729,1.00,1.00
2016.08.09 11:10:13.148,1.707,1.70729,1.00,1.00
2016.08.09 11:10:14.620,1.70697,1.70729,1.00,1.00
2016.08.09 11:10:15.120,1.70699,1.7073,1.00,1.00
2016.08.09 11:10:16.835,1.70693,1.70717,1.00,1.00
2016.08.09 11:10:16.886,1.70688,1.70717,1.00,1.00
2016.08.09 11:10:17.150,1.70688,1.70719,1.00,1.00
2016.08.09 11:10:17.824,1.70687,1.70718,1.00,1.00
2016.08.09 11:10:18.925,1.70686,1.70716,1.00,1.00
2016.08.09 11:10:19.419,1.70685,1.70708,1.00,1.00
2016.08.09 11:10:19.679,1.70679,1.70708,1.84,1.00
2016.08.09 11:10:19.730,1.70679,1.7071,1.84,1.00
2016.08.09 11:10:19.882,1.70679,1.7071,1.34,1.00
2016.08.09 11:10:20.138,1.70685,1.70716,1.00,1.00
2016.08.09 11:10:20.358,1.70684,1.70717,1.50,1.00
2016.08.09 11:10:20.409,1.70684,1.70717,1.50,1.00
2016.08.09 11:10:20.459,1.70685,1.70717,1.00,1.00
2016.08.09 11:10:20.570,1.70687,1.70719,1.00,1.00
2016.08.09 11:10:20.933,1.70687,1.70717,1.00,1.00
2016.08.09 11:10:22.729,1.70686,1.70716,1.00,1.00
2016.08.09 11:10:24.932,1.70686,1.70718,1.00,1.00
2016.08.09 11:10:26.760,1.70685,1.70717,1.00,1.00
2016.08.09 11:10:28.115,1.70686,1.70718,1.00,1.00
2016.08.09 11:10:28.270,1.70688,1.70717,1.00,1.00
2016.08.09 11:10:28.535,1.70688,1.7072,1.00,1.00
2016.08.09 11:10:28.708,1.70688,1.7072,1.09,1.00
2016.08.09 11:10:29.778,1.7069,1.70721,1.00,1.00
2016.08.09 11:10:30.037,1.70686,1.70717,1.00,1.00
2016.08.09 11:10:30.406,1.70685,1.70715,1.00,1.00
2016.08.09 11:10:31.373,1.70683,1.70714,1.00,1.00
2016.08.09 11:10:31.682,1.70679,1.70712,1.00,1.00
2016.08.09 11:10:32.186,1.7068,1.70712,1.00,1.00
2016.08.09 11:10:32.490,1.70679,1.7071,1.00,1.00
2016.08.09 11:10:34.376,1.70679,1.7071,1.50,1.00
2016.08.09 11:10:34.427,1.70679,1.7071,1.50,1.00
2016.08.09 11:10:34.477,1.70682,1.70713,1.00,1.00
2016.08.09 11:10:34.794,1.70688,1.7072,1.00,1.00
2016.08.09 11:10:35.320,1.70688,1.70721,1.00,1.00
2016.08.09 11:10:37.851,1.70687,1.70719,1.00,1.00
2016.08.09 11:10:38.204,1.70687,1.70719,1.00,1.09
2016.08.09 11:10:38.255,1.70685,1.70715,1.00,1.00
2016.08.09 11:10:38.447,1.70683,1.70714,1.50,1.00
2016.08.09 11:10:38.776,1.70683,1.70712,1.50,1.00
2016.08.09 11:10:39.053,1.70683,1.70714,1.50,1.00
2016.08.09 11:10:41.009,1.70683,1.70713,1.00,1.00
2016.08.09 11:10:41.182,1.70681,1.70711,1.00,1.00
2016.08.09 11:10:41.850,1.70683,1.70712,1.00,1.00
2016.08.09 11:10:42.361,1.7068,1.70712,1.00,1.00
2016.08.09 11:10:44.580,1.70684,1.70713,1.00,1.00
2016.08.09 11:10:44.859,1.70684,1.70715,1.00,1.00
2016.08.09 11:10:45.554,1.70687,1.70716,1.00,1.00
2016.08.09 11:10:48.965,1.70684,1.70716,1.00,1.00
2016.08.09 11:10:52.387,1.70686,1.70717,1.00,1.00
2016.08.09 11:10:52.691,1.7069,1.7072,1.00,1.00
2016.08.09 11:10:53.170,1.70692,1.70721,1.00,1.00
2016.08.09 11:10:59.407,1.70691,1.70723,1.00,1.00
2016.08.09 11:10:59.568,1.70693,1.70722,1.00,1.00
2016.08.09 11:10:59.910,1.70691,1.70723,1.00,1.00
2016.08.09 11:11:01.011,1.7069,1.70722,1.00,1.00
2016.08.09 11:11:01.170,1.70693,1.70722,1.00,1.00
2016.08.09 11:11:01.472,1.70691,1.70722,1.00,1.00
2016.08.09 11:11:02.586,1.7069,1.70721,1.50,1.00
2016.08.09 11:11:02.687,1.7069,1.70719,1.00,1.00
2016.08.09 11:11:03.129,1.70687,1.70718,1.00,1.00
2016.08.09 11:11:07.570,1.70684,1.70716,1.00,1.00
2016.08.09 11:11:07.824,1.70683,1.70714,1.00,1.00
2016.08.09 11:11:07.926,1.70684,1.70716,1.00,1.00
2016.08.09 11:11:08.157,1.70682,1.70713,1.00,1.00
2016.08.09 11:11:08.616,1.70685,1.70715,1.00,1.00
2016.08.09 11:11:09.107,1.70686,1.70717,1.00,1.00
2016.08.09 11:11:10.567,1.70684,1.70716,1.00,1.00
2016.08.09 11:11:10.618,1.70682,1.70713,1.00,1.00
2016.08.09 11:11:10.940,1.70684,1.70713,1.00,1.00
2016.08.09 11:11:14.953,1.70682,1.70713,1.00,1.00
2016.08.09 11:11:15.105,1.70684,1.70713,1.00,1.00
2016.08.09 11:11:15.177,1.70685,1.70713,1.00,1.00
2016.08.09 11:11:15.228,1.70687,1.70718,1.00,1.00
2016.08.09 11:11:15.430,1.70684,1.70716,1.00,1.50
2016.08.09 11:11:15.532,1.70683,1.70712,1.00,1.00
2016.08.09 11:11:16.420,1.70679,1.70708,1.50,1.00
2016.08.09 11:11:16.521,1.70679,1.70708,1.00,1.00
2016.08.09 11:11:16.572,1.70676,1.70708,1.50,1.00
2016.08.09 11:11:16.919,1.70676,1.70706,1.00,1.00
2016.08.09 11:11:21.419,1.70676,1.70706,1.00,1.34
2016.08.09 11:11:21.469,1.70675,1.70705,1.00,1.34
2016.08.09 11:11:21.520,1.70664,1.70689,1.00,1.00
2016.08.09 11:11:21.570,1.70664,1.70689,1.00,1.00
2016.08.09 11:11:21.621,1.7066,1.70688,2.06,1.00
2016.08.09 11:11:21.672,1.7066,1.70688,1.31,1.00
2016.08.09 11:11:21.722,1.7066,1.70688,1.00,1.00
2016.08.09 11:11:22.233,1.70659,1.70685,1.00,1.00
2016.08.09 11:11:24.848,1.70669,1.70685,1.00,1.00
2016.08.09 11:11:25.000,1.70668,1.7069,1.00,1.00
2016.08.09 11:11:25.101,1.70668,1.70693,1.00,1.00
2016.08.09 11:11:25.152,1.70663,1.70693,1.00,1.00
2016.08.09 11:11:25.536,1.70668,1.70693,1.00,1.00
2016.08.09 11:11:25.587,1.70663,1.70694,1.00,1.00
2016.08.09 11:11:25.740,1.70663,1.70696,1.00,1.00
2016.08.09 11:11:25.841,1.70662,1.70693,1.00,1.00
2016.08.09 11:11:26.172,1.70664,1.70692,1.00,1.00
2016.08.09 11:11:26.407,1.70662,1.70692,1.00,1.00
2016.08.09 11:11:26.508,1.7066,1.70693,1.50,1.00
2016.08.09 11:11:26.710,1.70661,1.70694,1.00,1.00
2016.08.09 11:11:27.529,1.70658,1.70679,1.00,1.00
2016.08.09 11:11:27.630,1.70654,1.70682,1.00,1.00
2016.08.09 11:11:27.731,1.70654,1.70682,1.00,1.00
2016.08.09 11:11:28.049,1.70654,1.70679,1.00,1.00
2016.08.09 11:11:28.299,1.70654,1.70682,1.00,1.00
2016.08.09 11:11:30.839,1.70654,1.70683,1.00,1.00
2016.08.09 11:11:32.303,1.70654,1.70684,1.00,1.00
2016.08.09 11:11:38.539,1.70658,1.70684,1.00,1.00
2016.08.09 11:11:38.656,1.70653,1.70684,1.50,1.00
2016.08.09 11:11:45.515,1.70654,1.70685,1.00,1.00
2016.08.09 11:11:45.566,1.70654,1.70685,1.50,1.00
2016.08.09 11:11:46.416,1.70655,1.70687,1.00,1.00
2016.08.09 11:11:47.217,1.70654,1.70685,1.50,1.00
2016.08.09 11:11:47.537,1.70656,1.70686,1.00,1.00
2016.08.09 11:11:51.427,1.70647,1.70678,1.00,1.00
2016.08.09 11:11:51.498,1.70646,1.70678,1.00,1.00
2016.08.09 11:11:51.845,1.70644,1.70674,1.00,1.00
2016.08.09 11:11:52.151,1.7064,1.7067,1.37,1.00
2016.08.09 11:11:52.303,1.7064,1.7067,1.00,1.00
2016.08.09 11:11:52.505,1.70636,1.70667,1.00,1.00
2016.08.09 11:11:52.845,1.70633,1.70662,1.00,1.00
2016.08.09 11:11:53.354,1.70633,1.70663,1.00,1.00
2016.08.09 11:11:53.456,1.70633,1.70664,1.50,1.00
2016.08.09 11:11:54.153,1.70635,1.70665,1.00,1.00
2016.08.09 11:11:54.456,1.70631,1.70657,1.00,1.00
2016.08.09 11:11:54.507,1.70628,1.70657,1.00,1.00
2016.08.09 11:11:54.557,1.7063,1.70662,1.00,1.00
2016.08.09 11:11:54.798,1.70641,1.7067,1.00,1.00
2016.08.09 11:11:54.848,1.70642,1.70674,1.00,1.00
2016.08.09 11:11:55.355,1.70642,1.70675,1.00,1.00
2016.08.09 11:11:55.908,1.70642,1.70676,1.00,1.00
2016.08.09 11:11:56.161,1.70649,1.70678,1.00,1.00
2016.08.09 11:11:56.211,1.70649,1.7068,1.00,1.00
2016.08.09 11:11:56.464,1.70651,1.70683,1.00,1.00
2016.08.09 11:11:57.044,1.70649,1.70677,1.00,1.00
2016.08.09 11:11:57.095,1.70646,1.70677,1.00,1.00
2016.08.09 11:11:57.145,1.70643,1.70673,1.00,1.00
2016.08.09 11:11:57.196,1.70643,1.70673,1.50,1.00
2016.08.09 11:11:57.247,1.7065,1.70681,1.00,1.00
2016.08.09 11:11:58.133,1.70648,1.70679,1.50,1.00
2016.08.09 11:11:59.261,1.70648,1.70679,1.00,1.00
2016.08.09 11:11:59.362,1.70646,1.70678,1.09,1.00
2016.08.09 11:11:59.556,1.70648,1.70678,1.00,1.00
2016.08.09 11:11:59.762,1.70646,1.70678,1.00,1.00
2016.08.09 11:12:00.162,1.70648,1.70678,1.00,1.00
2016.08.09 11:12:00.263,1.70649,1.7068,1.00,1.00
2016.08.09 11:12:00.570,1.70648,1.70679,1.50,1.00
2016.08.09 11:12:00.839,1.70646,1.70679,1.00,1.00
2016.08.09 11:12:01.267,1.70642,1.70675,1.50,1.00
2016.08.09 11:12:01.369,1.70638,1.70671,1.00,1.00
2016.08.09 11:12:01.419,1.70637,1.70671,1.00,1.00
2016.08.09 11:12:01.815,1.70639,1.70671,1.00,1.00
2016.08.09 11:12:01.866,1.70639,1.70668,1.00,1.00
2016.08.09 11:12:02.368,1.70639,1.70669,1.00,1.00
2016.08.09 11:12:04.056,1.70639,1.70668,1.00,1.00
2016.08.09 11:12:04.336,1.7064,1.70672,1.00,1.00
2016.08.09 11:12:04.661,1.70642,1.70671,1.00,1.00
2016.08.09 11:12:04.762,1.70642,1.70674,1.00,1.00
2016.08.09 11:12:07.046,1.70645,1.70674,1.00,1.00
2016.08.09 11:12:11.788,1.70641,1.70673,1.00,1.00
2016.08.09 11:12:11.889,1.70635,1.70666,1.00,1.00
2016.08.09 11:12:11.990,1.70635,1.70664,1.00,1.00
2016.08.09 11:12:12.217,1.70633,1.70664,1.00,1.00
2016.08.09 11:12:13.645,1.70632,1.70663,1.50,1.00
2016.08.09 11:12:18.232,1.70638,1.70663,1.00,1.00
2016.08.09 11:12:18.283,1.70639,1.70667,1.00,1.00
2016.08.09 11:12:18.754,1.70639,1.70669,1.00,1.00
2016.08.09 11:12:19.185,1.70639,1.70671,1.00,1.00
2016.08.09 11:12:20.572,1.70639,1.70668,1.00,1.00
2016.08.09 11:12:20.978,1.70638,1.70669,1.50,1.00
2016.08.09 11:12:21.028,1.70643,1.70669,1.00,1.00
2016.08.09 11:12:21.079,1.70643,1.70672,1.00,1.00
2016.08.09 11:12:21.461,1.70644,1.70674,1.00,1.00
2016.08.09 11:12:21.979,1.70644,1.70675,1.00,1.00
2016.08.09 11:12:27.192,1.70643,1.70675,1.00,1.00
2016.08.09 11:12:27.733,1.70644,1.70675,1.00,1.00
2016.08.09 11:12:28.393,1.70643,1.70675,1.00,1.00
2016.08.09 11:12:28.917,1.70644,1.70676,1.00,1.00
2016.08.09 11:12:28.976,1.70642,1.70672,1.00,1.00
2016.08.09 11:12:29.495,1.70642,1.70671,1.00,1.00
2016.08.09 11:12:30.863,1.70643,1.70672,1.00,1.00
2016.08.09 11:12:31.198,1.70641,1.70673,1.00,1.00
2016.08.09 11:12:31.718,1.70641,1.70672,1.00,1.00
2016.08.09 11:12:32.200,1.70643,1.70672,1.00,1.00
2016.08.09 11:12:34.593,1.70643,1.70675,1.00,1.00
2016.08.09 11:12:34.815,1.70642,1.70673,1.00,1.00
2016.08.09 11:12:35.367,1.70642,1.70671,1.00,1.00
2016.08.09 11:12:36.615,1.70642,1.70673,1.00,1.00
2016.08.09 11:12:37.172,1.70644,1.70674,1.00,1.00
2016.08.09 11:12:37.484,1.70642,1.70673,1.00,1.00
2016.08.09 11:12:37.585,1.70649,1.7068,1.00,1.00
2016.08.09 11:12:37.687,1.70655,1.70687,1.00,1.50
2016.08.09 11:12:37.737,1.70655,1.70687,1.00,1.00
2016.08.09 11:12:38.041,1.70658,1.70687,1.00,1.00
2016.08.09 11:12:38.605,1.70656,1.70686,1.00,1.00
2016.08.09 11:12:38.713,1.70654,1.70685,1.50,1.00
2016.08.09 11:12:39.017,1.70654,1.70683,1.50,1.00
2016.08.09 11:12:39.499,1.70654,1.70683,1.00,1.00
2016.08.09 11:12:43.076,1.70654,1.7068,1.00,1.00
2016.08.09 11:12:43.126,1.70651,1.7068,1.00,1.00
2016.08.09 11:12:43.495,1.70655,1.70687,1.00,1.00
2016.08.09 11:12:44.677,1.70655,1.70684,1.00,1.00
2016.08.09 11:12:44.794,1.70654,1.70683,1.50,1.00
2016.08.09 11:12:45.114,1.70655,1.70684,1.00,1.00
2016.08.09 11:12:45.322,1.70647,1.70679,1.00,1.00
2016.08.09 11:12:45.850,1.70647,1.70678,1.00,1.00
2016.08.09 11:12:46.107,1.70645,1.70676,1.50,1.00
2016.08.09 11:12:46.490,1.70644,1.70675,1.00,1.00
2016.08.09 11:12:48.422,1.70645,1.70675,1.00,1.00
2016.08.09 11:12:48.586,1.70645,1.70676,1.50,1.00
2016.08.09 11:12:49.210,1.70646,1.70677,1.09,1.00
2016.08.09 11:12:49.312,1.70646,1.70677,1.00,1.00
2016.08.09 11:12:49.413,1.70648,1.7068,1.00,1.00
2016.08.09 11:12:49.688,1.70647,1.70678,1.00,1.00
2016.08.09 11:12:50.197,1.70646,1.70676,1.00,1.00
2016.08.09 11:12:52.886,1.70646,1.70674,1.00,1.00
2016.08.09 11:12:53.722,1.70646,1.70676,1.00,1.00
2016.08.09 11:12:54.147,1.70645,1.70676,1.00,1.00
2016.08.09 11:12:54.248,1.70646,1.70675,1.00,1.00
2016.08.09 11:12:54.475,1.70646,1.70672,1.00,1.00
2016.08.09 11:12:54.779,1.70643,1.70668,1.00,1.00
2016.08.09 11:12:55.280,1.70643,1.70667,1.00,1.00
2016.08.09 11:12:56.257,1.70637,1.70667,1.00,1.00
2016.08.09 11:12:56.307,1.70638,1.70667,1.00,1.00
2016.08.09 11:12:57.936,1.70637,1.70667,1.00,1.00
2016.08.09 11:12:58.253,1.70639,1.70668,1.00,1.00
2016.08.09 11:12:58.556,1.70637,1.70666,1.00,1.00
2016.08.09 11:12:58.607,1.70635,1.70664,1.00,1.00
2016.08.09 11:12:58.922,1.70636,1.70659,1.00,1.00
2016.08.09 11:12:59.225,1.70631,1.70658,1.00,1.00
2016.08.09 11:12:59.326,1.70631,1.7066,1.00,1.00
2016.08.09 11:12:59.427,1.70631,1.70663,1.00,1.00
2016.08.09 11:12:59.478,1.70631,1.70663,1.00,1.00
2016.08.09 11:12:59.973,1.70631,1.70663,1.00,1.00
2016.08.09 11:13:00.512,1.70631,1.70661,1.00,1.00
2016.08.09 11:13:01.740,1.70631,1.70662,1.00,1.00
2016.08.09 11:13:02.380,1.7063,1.70662,1.00,1.00
2016.08.09 11:13:02.684,1.70629,1.70659,1.00,1.00
2016.08.09 11:13:02.937,1.70627,1.70658,1.00,1.00
2016.08.09 11:13:03.289,1.70624,1.70657,1.34,1.00
2016.08.09 11:13:03.888,1.70625,1.70657,1.34,1.00
2016.08.09 11:13:04.526,1.70629,1.70658,1.00,1.00
2016.08.09 11:13:05.501,1.70627,1.70658,1.00,1.00
2016.08.09 11:13:05.763,1.70629,1.70658,1.00,1.00
2016.08.09 11:13:07.059,1.70627,1.70658,1.00,1.00
2016.08.09 11:13:07.742,1.70628,1.70658,1.00,1.00
2016.08.09 11:13:08.315,1.70627,1.70658,1.00,1.00
2016.08.09 11:13:08.885,1.70628,1.70658,1.00,1.00
2016.08.09 11:13:09.522,1.70627,1.70658,1.00,1.00
2016.08.09 11:13:14.129,1.70628,1.70659,1.00,1.00
2016.08.09 11:13:14.230,1.7063,1.70659,1.00,1.00
2016.08.09 11:13:14.331,1.70631,1.70661,1.00,1.00
2016.08.09 11:13:14.534,1.7063,1.70663,1.50,1.00
2016.08.09 11:13:15.209,1.7063,1.70664,1.50,1.00
2016.08.09 11:13:15.641,1.70631,1.70662,1.00,1.00
2016.08.09 11:13:16.631,1.70633,1.70667,1.00,1.00
2016.08.09 11:13:17.286,1.70634,1.70666,1.00,1.00
2016.08.09 11:13:17.389,1.70631,1.70664,1.00,1.00
2016.08.09 11:13:18.412,1.70632,1.70666,1.00,1.00
2016.08.09 11:13:18.940,1.70633,1.70667,1.00,1.00
2016.08.09 11:13:19.041,1.70633,1.70665,1.00,1.00
2016.08.09 11:13:19.224,1.70631,1.70664,1.00,1.00
2016.08.09 11:13:31.071,1.70629,1.70663,1.00,1.00
2016.08.09 11:13:31.648,1.70632,1.70663,1.00,1.00
2016.08.09 11:13:32.725,1.70633,1.70663,1.00,1.00
2016.08.09 11:13:35.728,1.70631,1.70663,1.00,1.00
2016.08.09 11:13:36.279,1.70631,1.70662,1.00,1.00
2016.08.09 11:13:36.982,1.70631,1.70662,1.00,1.50
2016.08.09 11:13:37.083,1.70631,1.70662,1.00,1.00
2016.08.09 11:13:37.355,1.70629,1.70662,1.00,1.00
2016.08.09 11:13:38.470,1.7063,1.70663,1.34,1.00
2016.08.09 11:13:38.658,1.70637,1.70665,1.00,1.00
2016.08.09 11:13:38.709,1.70637,1.70666,1.00,1.00
2016.08.09 11:13:38.946,1.70635,1.70666,1.00,1.00
2016.08.09 11:13:38.996,1.70635,1.70666,1.00,1.50
2016.08.09 11:13:39.047,1.70636,1.70666,1.09,1.00
2016.08.09 11:13:40.156,1.70635,1.70666,1.00,1.00
2016.08.09 11:13:40.207,1.70635,1.70667,1.00,1.50
2016.08.09 11:13:40.349,1.70634,1.70666,1.00,1.00
2016.08.09 11:13:40.948,1.70635,1.70666,1.00,1.00
2016.08.09 11:13:41.515,1.70635,1.70662,1.00,1.00
2016.08.09 11:13:41.616,1.70635,1.70666,1.00,1.00
2016.08.09 11:13:41.718,1.70633,1.70665,1.00,1.00
2016.08.09 11:13:41.769,1.70633,1.70662,1.00,1.00
2016.08.09 11:13:41.819,1.70633,1.70662,1.00,2.25
2016.08.09 11:13:41.870,1.70624,1.70656,1.00,1.00
2016.08.09 11:13:41.971,1.70623,1.70654,1.50,1.00
2016.08.09 11:13:42.220,1.70623,1.70654,1.00,1.00
2016.08.09 11:13:42.271,1.70624,1.70656,1.00,1.00
2016.08.09 11:13:42.423,1.70624,1.70656,1.50,1.00
2016.08.09 11:13:42.575,1.70626,1.70657,1.00,1.00
2016.08.09 11:13:50.078,1.70627,1.70658,1.00,1.00
2016.08.09 11:13:50.587,1.70626,1.70657,1.00,1.00
2016.08.09 11:13:51.414,1.70626,1.70657,2.59,1.00
2016.08.09 11:13:51.566,1.70632,1.70661,1.00,1.50
2016.08.09 11:13:51.667,1.70627,1.70658,1.00,1.00
2016.08.09 11:13:54.094,1.70627,1.70657,1.00,1.00
2016.08.09 11:13:54.145,1.70627,1.70658,1.00,1.00
2016.08.09 11:13:54.195,1.70624,1.70655,1.00,1.00
2016.08.09 11:13:54.520,1.70623,1.70652,1.00,1.00
2016.08.09 11:13:54.573,1.70623,1.70654,1.50,1.00
2016.08.09 11:13:54.775,1.70623,1.70652,1.00,1.00
2016.08.09 11:13:54.991,1.70623,1.70652,1.50,1.00
2016.08.09 11:13:55.166,1.70623,1.70654,1.50,1.00
2016.08.09 11:13:55.796,1.70623,1.70654,1.00,1.00
2016.08.09 11:13:56.469,1.70624,1.70654,1.00,1.00
2016.08.09 11:13:56.865,1.70624,1.70651,1.00,1.00
2016.08.09 11:13:56.915,1.70621,1.70651,1.09,1.00
2016.08.09 11:13:56.966,1.70623,1.70652,1.00,1.00
2016.08.09 11:13:57.598,1.70621,1.70651,1.09,1.00
2016.08.09 11:13:58.514,1.70621,1.70651,1.00,1.00
2016.08.09 11:13:58.771,1.70614,1.70645,1.84,1.00
2016.08.09 11:13:59.207,1.70614,1.70645,1.09,1.00
2016.08.09 11:13:59.308,1.70618,1.70645,1.00,1.00
2016.08.09 11:13:59.502,1.70618,1.70646,1.34,1.00
2016.08.09 11:14:00.701,1.70619,1.7065,1.34,1.00
2016.08.09 11:14:00.904,1.70619,1.70648,1.34,1.00
2016.08.09 11:14:01.566,1.70623,1.70654,1.00,1.00
2016.08.09 11:14:01.718,1.70623,1.70654,1.50,1.00
2016.08.09 11:14:01.870,1.70626,1.70657,1.00,1.50
2016.08.09 11:14:01.921,1.70626,1.70656,1.00,1.00
2016.08.09 11:14:02.022,1.70626,1.70657,1.00,1.50
2016.08.09 11:14:02.359,1.70624,1.70654,1.00,1.00
2016.08.09 11:14:02.863,1.70623,1.70653,1.00,1.00
2016.08.09 11:14:03.364,1.70623,1.70652,1.00,1.00
2016.08.09 11:14:03.589,1.70611,1.70644,1.00,1.00
2016.08.09 11:14:03.642,1.70609,1.70642,1.00,1.00
2016.08.09 11:14:04.183,1.7061,1.70641,1.00,1.00
2016.08.09 11:14:04.233,1.70608,1.70641,1.50,1.00
2016.08.09 11:14:04.334,1.70608,1.7064,1.00,1.00
2016.08.09 11:14:04.385,1.70606,1.7064,1.00,1.00
2016.08.09 11:14:04.720,1.70606,1.70638,1.00,1.00
2016.08.09 11:14:08.561,1.70608,1.70641,1.00,1.00
2016.08.09 11:14:08.612,1.70608,1.70641,1.00,1.00
2016.08.09 11:14:08.713,1.70607,1.70641,1.00,1.00
2016.08.09 11:14:08.930,1.70607,1.70636,1.00,1.00
2016.08.09 11:14:09.031,1.70607,1.70633,1.00,1.00
2016.08.09 11:14:09.082,1.70593,1.70622,2.02,1.00
2016.08.09 11:14:09.133,1.70593,1.70622,1.00,1.00
2016.08.09 11:14:09.679,1.70594,1.70622,1.00,1.00
2016.08.09 11:14:09.730,1.70593,1.70622,1.50,1.00
2016.08.09 11:14:10.063,1.70594,1.70622,1.00,1.00
2016.08.09 11:14:10.215,1.70593,1.70622,1.50,1.00
2016.08.09 11:14:10.367,1.70593,1.70623,1.00,1.00
2016.08.09 11:14:11.666,1.70593,1.70624,1.00,1.00
2016.08.09 11:14:12.244,1.70598,1.70626,1.50,1.00
2016.08.09 11:14:12.295,1.70598,1.70629,1.50,1.00
2016.08.09 11:14:12.447,1.70598,1.70628,1.00,1.00
2016.08.09 11:14:12.951,1.70598,1.70627,1.50,1.00
2016.08.09 11:14:13.170,1.70603,1.70629,1.00,1.00
2016.08.09 11:14:13.272,1.70599,1.70629,1.00,1.00
2016.08.09 11:14:13.889,1.706,1.70629,1.00,1.00
2016.08.09 11:14:15.671,1.70598,1.70629,1.50,1.00
2016.08.09 11:14:16.107,1.70604,1.70629,1.00,1.00
2016.08.09 11:14:16.158,1.70598,1.70629,1.50,1.00
2016.08.09 11:14:16.742,1.70604,1.70629,1.00,1.00
2016.08.09 11:14:18.323,1.70598,1.70629,1.50,1.00
2016.08.09 11:14:18.624,1.70603,1.70629,1.00,1.00
2016.08.09 11:14:18.804,1.70598,1.70629,1.50,1.00
2016.08.09 11:14:20.765,1.70598,1.70628,1.00,1.00
2016.08.09 11:14:20.866,1.70593,1.70623,1.00,1.00
2016.08.09 11:14:20.917,1.70593,1.70623,1.00,1.00
2016.08.09 11:14:20.967,1.70594,1.7062,1.00,1.00
2016.08.09 11:14:21.283,1.70594,1.70622,1.00,1.00
2016.08.09 11:14:21.968,1.7059,1.70622,1.00,1.00
2016.08.09 11:14:22.070,1.70589,1.7062,1.50,1.00
2016.08.09 11:14:22.517,1.70587,1.70618,1.00,1.00
2016.08.09 11:14:23.020,1.70588,1.70619,1.00,1.00
2016.08.09 11:14:23.693,1.70588,1.70619,1.50,1.00
2016.08.09 11:14:23.850,1.70589,1.7062,1.00,1.00
2016.08.09 11:14:25.852,1.70588,1.70619,1.50,1.00
2016.08.09 11:14:26.759,1.70588,1.70618,1.00,1.00
2016.08.09 11:14:26.860,1.70593,1.70617,1.00,1.00
2016.08.09 11:14:27.182,1.70593,1.70619,1.00,1.00
2016.08.09 11:14:27.562,1.70588,1.70615,1.34,1.00
2016.08.09 11:14:27.612,1.70588,1.70615,1.00,1.00
2016.08.09 11:14:28.837,1.70589,1.70615,1.00,1.00
2016.08.09 11:14:29.161,1.70589,1.70617,1.00,1.00
2016.08.09 11:14:29.212,1.70589,1.70614,1.00,1.00
2016.08.09 11:14:29.263,1.70583,1.70606,1.00,1.00
2016.08.09 11:14:29.365,1.70584,1.70611,1.00,1.00
2016.08.09 11:14:29.466,1.70584,1.70607,1.00,1.00
2016.08.09 11:14:30.181,1.70584,1.70609,1.00,1.00
2016.08.09 11:14:30.282,1.70578,1.70609,1.00,1.00
2016.08.09 11:14:30.383,1.70583,1.70609,1.00,1.00
2016.08.09 11:14:30.711,1.70579,1.70609,1.00,1.00
2016.08.09 11:14:31.967,1.7058,1.70609,1.00,1.00
2016.08.09 11:14:33.643,1.70583,1.70609,1.00,1.00
2016.08.09 11:14:34.192,1.70583,1.7061,1.00,1.00
2016.08.09 11:14:34.344,1.70579,1.7061,1.00,1.00
2016.08.09 11:14:34.560,1.70574,1.70604,1.00,1.00
2016.08.09 11:14:34.771,1.70573,1.70603,1.50,1.00
2016.08.09 11:14:34.974,1.70573,1.70605,1.00,1.00
2016.08.09 11:14:37.212,1.70572,1.70603,1.00,1.00
2016.08.09 11:14:37.739,1.70571,1.70602,1.00,1.00
2016.08.09 11:14:38.089,1.70569,1.70601,1.09,1.00
2016.08.09 11:14:41.819,1.70571,1.70602,1.00,1.00
2016.08.09 11:14:42.358,1.70571,1.70602,1.00,1.00
2016.08.09 11:14:43.552,1.70572,1.70603,1.00,1.00
2016.08.09 11:14:43.672,1.70573,1.70605,1.00,1.00
2016.08.09 11:14:43.872,1.70572,1.70603,1.00,1.00
2016.08.09 11:14:45.583,1.70574,1.70603,1.00,1.00
2016.08.09 11:14:46.228,1.70572,1.70603,1.00,1.00
2016.08.09 11:14:46.793,1.70571,1.70602,1.00,1.00
2016.08.09 11:14:47.876,1.70572,1.70603,1.00,1.00
2016.08.09 11:14:50.679,1.70571,1.70602,1.00,1.00
2016.08.09 11:14:50.793,1.70566,1.70594,1.00,1.00
2016.08.09 11:14:51.006,1.70563,1.70594,1.50,1.00
2016.08.09 11:14:51.107,1.70563,1.70592,1.50,1.00
2016.08.09 11:14:53.974,1.70563,1.70592,1.00,1.00
2016.08.09 11:14:54.278,1.70558,1.70576,1.00,1.00
2016.08.09 11:14:54.482,1.70553,1.70576,1.00,1.00
2016.08.09 11:14:54.584,1.70558,1.70579,1.00,1.00
2016.08.09 11:14:55.161,1.70558,1.7058,1.00,1.00
2016.08.09 11:14:55.483,1.70553,1.7058,1.00,1.00
2016.08.09 11:14:55.685,1.70558,1.7058,1.00,1.00
2016.08.09 11:14:56.018,1.70558,1.70577,1.00,1.00
2016.08.09 11:14:57.086,1.70558,1.70579,1.00,1.00
2016.08.09 11:14:57.891,1.70558,1.7058,1.00,1.00
2016.08.09 11:14:58.335,1.70558,1.70578,1.00,1.00
2016.08.09 11:14:59.390,1.70558,1.70579,1.00,1.00
2016.08.09 11:15:00.030,1.70558,1.7058,1.00,1.00
2016.08.09 11:15:00.744,1.70558,1.70579,1.00,1.00
2016.08.09 11:15:00.815,1.70563,1.70588,1.00,1.00
2016.08.09 11:15:01.395,1.70564,1.70588,1.00,1.00
2016.08.09 11:15:01.802,1.70564,1.7059,1.00,1.50
2016.08.09 11:15:02.597,1.70563,1.7059,1.09,1.50
2016.08.09 11:15:02.850,1.70563,1.7059,1.09,1.00
2016.08.09 11:15:02.900,1.70563,1.70594,2.59,1.50
2016.08.09 11:15:03.052,1.70563,1.70594,2.59,1.00
2016.08.09 11:15:03.156,1.70563,1.70594,1.09,1.00
2016.08.09 11:15:03.867,1.70569,1.70594,1.00,1.00
2016.08.09 11:15:03.968,1.70563,1.70593,1.00,1.00
2016.08.09 11:15:04.418,1.70563,1.70593,1.09,1.00
2016.08.09 11:15:04.519,1.70569,1.70593,1.00,1.00
2016.08.09 11:15:05.846,1.70569,1.70594,1.00,1.00
2016.08.09 11:15:09.430,1.70568,1.70594,1.00,1.00
2016.08.09 11:15:10.079,1.70568,1.70595,1.00,1.00
2016.08.09 11:15:10.782,1.70569,1.70595,1.00,1.00
2016.08.09 11:15:12.908,1.70569,1.70593,1.00,1.00
2016.08.09 11:15:13.436,1.70569,1.70594,1.00,1.00
2016.08.09 11:15:13.537,1.70569,1.70597,1.00,1.00
2016.08.09 11:15:14.106,1.70569,1.70598,1.50,1.00
2016.08.09 11:15:14.157,1.70569,1.70605,2.25,1.00
2016.08.09 11:15:14.208,1.70573,1.70605,2.59,1.00
2016.08.09 11:15:14.258,1.70575,1.70611,1.34,1.00
2016.08.09 11:15:14.309,1.70575,1.70611,1.00,1.00
2016.08.09 11:15:14.360,1.70573,1.70606,1.00,1.50
2016.08.09 11:15:14.461,1.70568,1.70602,1.00,1.00
2016.08.09 11:15:14.967,1.70569,1.70602,1.00,1.00
2016.08.09 11:15:15.119,1.70569,1.70603,1.00,1.00
2016.08.09 11:15:15.422,1.70569,1.70602,1.00,1.00
2016.08.09 11:15:17.150,1.70569,1.70603,1.00,1.00
2016.08.09 11:15:17.834,1.70569,1.70603,1.50,1.00
2016.08.09 11:15:18.795,1.70573,1.70603,1.00,1.00
2016.08.09 11:15:19.196,1.70569,1.70603,1.00,1.00
2016.08.09 11:15:19.571,1.70569,1.70603,1.00,1.50
2016.08.09 11:15:19.744,1.70569,1.70603,1.00,1.00
2016.08.09 11:15:24.725,1.70569,1.70603,1.00,1.50
2016.08.09 11:15:25.134,1.70569,1.70603,1.00,1.00
2016.08.09 11:15:25.425,1.70568,1.70603,1.50,1.00
2016.08.09 11:15:25.913,1.70569,1.70603,1.00,1.00
2016.08.09 11:15:26.854,1.70564,1.70597,1.00,1.00
2016.08.09 11:15:27.122,1.70558,1.70593,1.50,1.00
2016.08.09 11:15:27.173,1.70558,1.70592,1.00,1.00
2016.08.09 11:15:27.274,1.70555,1.70592,1.00,1.00
2016.08.09 11:15:27.325,1.70566,1.70592,1.84,1.00
2016.08.09 11:15:27.426,1.70573,1.70592,1.00,1.00
2016.08.09 11:15:27.477,1.70573,1.70601,1.00,1.00
2016.08.09 11:15:27.527,1.70569,1.70601,1.84,1.00
2016.08.09 11:15:27.578,1.70569,1.70603,1.50,1.00
2016.08.09 11:15:27.629,1.70573,1.70604,1.00,1.00
2016.08.09 11:15:27.680,1.70573,1.70602,1.00,1.00
2016.08.09 11:15:27.994,1.70574,1.70607,1.00,1.00
2016.08.09 11:15:28.247,1.70574,1.70609,1.00,1.00
2016.08.09 11:15:28.450,1.70576,1.70611,1.00,1.50
2016.08.09 11:15:28.715,1.70576,1.70608,1.00,1.00
2016.08.09 11:15:28.816,1.70578,1.70608,1.00,1.00
2016.08.09 11:15:30.108,1.70576,1.70608,1.00,1.00
2016.08.09 11:15:30.845,1.70577,1.70608,1.00,1.00
2016.08.09 11:15:31.249,1.70574,1.70608,1.00,1.00
2016.08.09 11:15:31.765,1.70573,1.70608,1.00,1.00
2016.08.09 11:15:34.231,1.70573,1.70608,1.00,1.00
2016.08.09 11:15:34.800,1.70573,1.70607,1.00,1.00
2016.08.09 11:15:36.470,1.70574,1.70608,1.00,1.00
2016.08.09 11:15:36.827,1.70577,1.7061,1.00,1.00
2016.08.09 11:15:37.449,1.70577,1.70607,1.00,1.00
2016.08.09 11:15:38.669,1.70577,1.7061,1.00,1.00
2016.08.09 11:15:38.770,1.70577,1.70608,1.00,1.00
2016.08.09 11:15:39.073,1.70577,1.7061,1.00,1.00
2016.08.09 11:15:39.339,1.70577,1.70607,1.00,1.00
2016.08.09 11:15:39.671,1.70577,1.7061,1.00,1.00
2016.08.09 11:15:39.823,1.70577,1.70608,1.00,1.00
2016.08.09 11:15:40.462,1.70577,1.70607,1.00,1.00
2016.08.09 11:15:40.859,1.70573,1.70607,1.00,1.00
2016.08.09 11:15:42.243,1.70574,1.70607,1.00,1.00
2016.08.09 11:15:42.544,1.70576,1.70607,1.00,1.00
2016.08.09 11:15:42.820,1.70576,1.70607,1.34,1.00
2016.08.09 11:15:42.921,1.70577,1.70613,1.34,1.50
2016.08.09 11:15:42.972,1.70578,1.70613,1.34,1.00
2016.08.09 11:15:43.352,1.70578,1.70612,1.34,1.00
2016.08.09 11:15:43.645,1.70578,1.70613,1.34,1.00
2016.08.09 11:15:43.941,1.70578,1.70613,1.00,1.00
2016.08.09 11:15:44.093,1.70578,1.70612,1.00,1.00
2016.08.09 11:15:44.194,1.70578,1.70613,1.00,1.00
2016.08.09 11:15:44.449,1.70577,1.70613,1.00,1.50
2016.08.09 11:15:44.550,1.70577,1.70613,1.00,1.00
2016.08.09 11:15:44.880,1.70579,1.70613,1.00,1.00
2016.08.09 11:15:45.454,1.70577,1.70613,1.00,1.00
2016.08.09 11:15:45.988,1.70576,1.70613,1.00,1.00
2016.08.09 11:15:46.303,1.70576,1.70614,1.00,1.00
2016.08.09 11:15:46.353,1.70593,1.70616,1.00,1.00
2016.08.09 11:15:46.542,1.70597,1.70621,1.00,1.00
2016.08.09 11:15:46.593,1.70597,1.70629,1.00,1.00
2016.08.09 11:15:46.695,1.70594,1.70629,1.00,1.00
2016.08.09 11:15:46.796,1.7059,1.70624,1.34,1.00
2016.08.09 11:15:46.898,1.70586,1.7062,2.59,1.00
2016.08.09 11:15:46.948,1.70586,1.7062,1.00,1.00
2016.08.09 11:15:47.502,1.70585,1.7062,1.00,1.00
2016.08.09 11:15:48.206,1.70585,1.70621,1.00,1.00
2016.08.09 11:15:48.587,1.70588,1.70622,1.00,1.00
2016.08.09 11:15:48.751,1.7059,1.70624,1.00,1.00
2016.08.09 11:15:51.762,1.7059,1.70625,1.00,1.00
2016.08.09 11:15:52.016,1.7059,1.70627,1.00,1.50
2016.08.09 11:15:52.091,1.70594,1.70627,1.00,1.00
2016.08.09 11:15:52.244,1.70594,1.7063,1.00,1.00
2016.08.09 11:15:52.546,1.70593,1.70628,1.00,1.00
2016.08.09 11:15:52.597,1.70592,1.70631,1.00,1.00
2016.08.09 11:15:53.692,1.70594,1.7063,1.00,1.00
2016.08.09 11:15:53.743,1.70595,1.70632,1.00,1.00
2016.08.09 11:15:54.270,1.70596,1.70632,1.00,1.00
2016.08.09 11:15:54.523,1.70602,1.70639,1.00,1.50
2016.08.09 11:15:54.573,1.70603,1.70637,1.00,1.00
2016.08.09 11:15:55.058,1.70602,1.70635,1.00,1.00
2016.08.09 11:15:55.508,1.70602,1.70638,1.00,1.00
2016.08.09 11:15:55.700,1.70599,1.70635,1.00,1.00
2016.08.09 11:15:56.160,1.70597,1.70633,1.50,1.00
2016.08.09 11:15:56.962,1.70597,1.7063,1.00,1.00
2016.08.09 11:15:57.013,1.70597,1.7063,1.00,1.00
2016.08.09 11:15:57.282,1.70596,1.7063,1.00,1.00
2016.08.09 11:16:00.347,1.7061,1.70642,1.00,1.00
2016.08.09 11:16:00.752,1.70609,1.70642,1.50,1.00
2016.08.09 11:16:01.326,1.7061,1.70642,1.00,1.00
2016.08.09 11:16:01.539,1.7061,1.70643,1.00,1.00
2016.08.09 11:16:02.181,1.7061,1.70646,1.00,1.00
2016.08.09 11:16:02.557,1.7061,1.70647,1.00,1.50
2016.08.09 11:16:02.667,1.70609,1.70646,1.50,1.00
2016.08.09 11:16:02.869,1.70609,1.70644,1.50,1.00
2016.08.09 11:16:02.970,1.70609,1.70643,1.00,1.00
2016.08.09 11:16:04.468,1.70607,1.70643,1.00,1.00
2016.08.09 11:16:04.969,1.70608,1.70643,1.00,1.50
2016.08.09 11:16:05.286,1.7061,1.70643,1.00,1.50
2016.08.09 11:16:05.387,1.7061,1.70643,1.00,1.00
2016.08.09 11:16:05.489,1.7061,1.70646,1.00,1.00
2016.08.09 11:16:05.994,1.70612,1.70648,1.00,1.50
2016.08.09 11:16:06.871,1.70613,1.70648,1.00,1.00
2016.08.09 11:16:08.908,1.70615,1.70648,1.00,1.00
2016.08.09 11:16:09.808,1.70614,1.70648,1.00,1.50
2016.08.09 11:16:10.331,1.70614,1.70648,1.00,1.00
2016.08.09 11:16:10.638,1.70616,1.70648,1.00,1.00
2016.08.09 11:16:11.114,1.70614,1.70648,1.00,1.00
2016.08.09 11:16:13.421,1.70615,1.70648,1.00,1.00
2016.08.09 11:16:14.012,1.70616,1.70651,1.00,1.00
2016.08.09 11:16:14.627,1.70618,1.70651,1.00,1.00
2016.08.09 11:16:14.728,1.70616,1.70651,1.00,1.00
2016.08.09 11:16:15.155,1.70616,1.7065,1.00,1.00
2016.08.09 11:16:15.701,1.70614,1.70648,1.00,1.00
2016.08.09 11:16:15.925,1.70612,1.70648,1.50,1.00
2016.08.09 11:16:16.582,1.70612,1.70647,1.00,1.00
2016.08.09 11:16:16.832,1.70611,1.70647,1.00,1.00
2016.08.09 11:16:16.883,1.7061,1.70648,1.00,1.50
2016.08.09 11:16:17.254,1.70609,1.70645,1.00,1.00
2016.08.09 11:16:17.816,1.70608,1.70645,1.00,1.00
2016.08.09 11:16:18.707,1.70608,1.70643,1.00,1.00
2016.08.09 11:16:19.620,1.70609,1.70644,1.00,1.00
2016.08.09 11:16:21.704,1.70609,1.70644,1.00,1.50
2016.08.09 11:16:21.887,1.70606,1.70644,1.00,1.50
2016.08.09 11:16:22.587,1.70609,1.70644,1.00,1.50
2016.08.09 11:16:22.789,1.70609,1.70644,1.00,1.00
2016.08.09 11:16:23.281,1.70607,1.70644,1.00,1.50
2016.08.09 11:16:23.788,1.70609,1.70644,1.00,1.50
2016.08.09 11:16:26.446,1.70609,1.70644,1.00,1.00
2016.08.09 11:16:26.615,1.70609,1.70646,1.00,1.00
2016.08.09 11:16:27.627,1.70611,1.70646,1.00,1.00
2016.08.09 11:16:28.334,1.70609,1.70646,1.00,1.00
2016.08.09 11:16:30.037,1.70609,1.70647,1.00,1.00
2016.08.09 11:16:30.619,1.706,1.70629,1.20,1.00
2016.08.09 11:16:30.670,1.70598,1.70629,1.37,1.50
2016.08.09 11:16:30.721,1.70593,1.70623,1.00,1.00
2016.08.09 11:16:30.798,1.70598,1.70626,1.00,1.00
2016.08.09 11:16:30.849,1.70598,1.70629,1.00,1.00
2016.08.09 11:16:31.001,1.70595,1.7063,1.09,1.50
2016.08.09 11:16:31.331,1.70593,1.7063,1.34,1.50
2016.08.09 11:16:31.382,1.70593,1.7063,1.84,1.00
2016.08.09 11:16:31.432,1.70598,1.70631,1.00,1.00
2016.08.09 11:16:31.983,1.70598,1.70632,1.00,1.00
2016.08.09 11:16:32.698,1.70598,1.70631,1.00,1.00
2016.08.09 11:16:32.900,1.70598,1.70632,1.00,1.00
2016.08.09 11:16:33.342,1.70598,1.70632,1.00,1.00
2016.08.09 11:16:33.920,1.70603,1.70632,1.00,1.00
2016.08.09 11:16:34.093,1.70599,1.70632,1.00,1.00
2016.08.09 11:16:34.796,1.70604,1.70632,1.00,1.00
2016.08.09 11:16:36.778,1.70604,1.70634,1.00,1.00
2016.08.09 11:16:37.306,1.70599,1.70634,1.84,1.00
2016.08.09 11:16:37.803,1.70599,1.70635,2.59,1.00
2016.08.09 11:16:37.904,1.70604,1.70633,1.00,1.00
2016.08.09 11:16:38.006,1.70599,1.70633,1.84,1.00
2016.08.09 11:16:38.056,1.70598,1.70633,1.00,1.00
2016.08.09 11:16:38.158,1.70598,1.70632,1.00,1.50
2016.08.09 11:16:38.208,1.70594,1.7063,1.00,1.00
2016.08.09 11:16:38.729,1.70594,1.70629,1.00,1.00
2016.08.09 11:16:42.194,1.70598,1.70629,1.00,1.00
2016.08.09 11:16:42.362,1.70598,1.70629,1.00,1.00
2016.08.09 11:16:42.413,1.70599,1.70632,1.00,1.00
2016.08.09 11:16:42.514,1.70598,1.70632,1.50,1.00
2016.08.09 11:16:42.615,1.706,1.70632,1.00,1.00
2016.08.09 11:16:42.888,1.706,1.70636,1.00,1.00
2016.08.09 11:16:42.939,1.70604,1.70639,1.00,1.00
2016.08.09 11:16:43.040,1.70605,1.70639,1.00,1.00
2016.08.09 11:16:43.141,1.70605,1.70638,1.00,1.00
2016.08.09 11:16:43.444,1.70605,1.70641,1.00,1.50
2016.08.09 11:16:43.546,1.70605,1.70639,1.00,1.00
2016.08.09 11:16:44.048,1.70606,1.70639,1.00,1.00
2016.08.09 11:16:44.249,1.70604,1.70639,1.84,1.50
2016.08.09 11:16:46.914,1.70604,1.70638,1.09,1.00
2016.08.09 11:16:49.923,1.70608,1.70638,1.00,1.00
2016.08.09 11:16:50.024,1.70608,1.70639,1.00,1.50
2016.08.09 11:16:50.125,1.70604,1.70639,1.09,1.50
2016.08.09 11:16:50.227,1.70608,1.70639,1.00,1.50
2016.08.09 11:16:50.448,1.70604,1.70637,1.09,1.00
2016.08.09 11:16:54.709,1.70603,1.70637,1.84,1.00
2016.08.09 11:16:54.759,1.70604,1.70639,1.09,1.50
2016.08.09 11:16:54.996,1.70606,1.70639,1.00,1.00
2016.08.09 11:16:55.768,1.70607,1.70639,1.00,1.00
2016.08.09 11:16:56.402,1.70604,1.70639,1.84,1.50
2016.08.09 11:16:56.554,1.70604,1.70638,1.09,1.00
2016.08.09 11:16:59.314,1.70602,1.70638,1.34,1.00
2016.08.09 11:16:59.364,1.70602,1.70638,1.00,1.34
2016.08.09 11:16:59.415,1.70602,1.70632,1.00,1.00
2016.08.09 11:16:59.466,1.70597,1.70627,1.00,1.00
2016.08.09 11:16:59.617,1.70598,1.70631,1.00,1.50
2016.08.09 11:16:59.668,1.706,1.70631,1.00,1.00
2016.08.09 11:16:59.719,1.706,1.70635,1.00,1.00
2016.08.09 11:16:59.769,1.70603,1.70636,1.00,1.00
2016.08.09 11:17:02.154,1.70601,1.70636,1.00,1.00
2016.08.09 11:17:03.518,1.70603,1.70636,1.00,1.00
2016.08.09 11:17:07.319,1.70603,1.70637,1.00,1.00
2016.08.09 11:17:07.767,1.70604,1.70639,1.00,1.50
2016.08.09 11:17:07.969,1.70603,1.70638,1.00,1.00
2016.08.09 11:17:10.077,1.70603,1.70638,1.00,1.50
2016.08.09 11:17:15.657,1.70603,1.70637,1.00,1.00
2016.08.09 11:17:15.759,1.70601,1.70637,1.00,1.50
2016.08.09 11:17:16.066,1.706,1.70637,1.09,1.50
2016.08.09 11:17:16.341,1.70601,1.70637,1.00,1.00
2016.08.09 11:17:17.012,1.70602,1.70637,1.00,1.00
2016.08.09 11:17:17.509,1.70603,1.70637,1.00,1.50
2016.08.09 11:17:21.565,1.70604,1.70638,1.00,1.00
2016.08.09 11:17:21.616,1.70604,1.70639,1.00,1.00
2016.08.09 11:17:21.666,1.70605,1.70641,1.00,1.50
2016.08.09 11:17:22.297,1.70604,1.70639,1.00,1.00
2016.08.09 11:17:22.548,1.70603,1.70637,1.50,1.00
2016.08.09 11:17:22.700,1.70603,1.70636,1.50,1.00
2016.08.09 11:17:22.750,1.70603,1.70636,1.00,1.00
2016.08.09 11:17:23.038,1.70601,1.70636,1.00,1.50
2016.08.09 11:17:24.339,1.70601,1.70632,1.00,1.00
2016.08.09 11:17:24.470,1.70597,1.70632,1.00,1.00
2016.08.09 11:17:24.521,1.70597,1.70632,1.00,1.50
2016.08.09 11:17:24.571,1.70595,1.70626,1.00,1.00
2016.08.09 11:17:24.672,1.70595,1.70628,1.00,1.00
2016.08.09 11:17:24.870,1.70587,1.70621,1.46,1.00
2016.08.09 11:17:25.158,1.70587,1.70621,1.34,1.00
2016.08.09 11:17:25.441,1.70588,1.70621,1.09,1.00
2016.08.09 11:17:25.741,1.70587,1.70621,1.34,1.00
2016.08.09 11:17:25.792,1.70588,1.70622,1.09,1.00
2016.08.09 11:17:26.031,1.70587,1.70621,1.34,1.00
2016.08.09 11:17:28.754,1.70588,1.70621,1.09,1.00
2016.08.09 11:17:29.345,1.70589,1.70621,1.00,1.00
2016.08.09 11:17:29.546,1.70588,1.70621,1.09,1.00
2016.08.09 11:17:35.034,1.70588,1.70621,1.00,1.00
2016.08.09 11:17:35.085,1.70585,1.70621,1.00,1.00
2016.08.09 11:17:37.495,1.70581,1.70617,1.09,1.00
2016.08.09 11:17:37.545,1.70584,1.70617,1.00,1.00
2016.08.09 11:17:38.369,1.70584,1.70618,1.00,1.00
2016.08.09 11:17:39.341,1.70582,1.70618,1.00,1.00
2016.08.09 11:17:39.806,1.70579,1.70618,2.59,1.00
2016.08.09 11:17:39.907,1.70581,1.70617,1.09,1.00
2016.08.09 11:17:40.394,1.70583,1.70618,1.50,1.00
2016.08.09 11:17:40.704,1.70583,1.70621,1.50,1.00
2016.08.09 11:17:41.559,1.70583,1.7062,1.50,1.00
2016.08.09 11:17:42.868,1.70585,1.70623,1.00,1.00
2016.08.09 11:17:45.579,1.70583,1.70617,1.00,1.00
2016.08.09 11:17:45.630,1.70582,1.70617,1.00,1.50
2016.08.09 11:17:45.836,1.70582,1.70617,1.00,1.50
2016.08.09 11:17:45.892,1.70576,1.7061,1.00,1.00
2016.08.09 11:17:46.094,1.70568,1.70601,1.50,1.00
2016.08.09 11:17:46.197,1.70568,1.70604,1.00,1.00
2016.08.09 11:17:46.359,1.70568,1.70604,1.00,1.00
2016.08.09 11:17:46.410,1.7057,1.70606,1.00,1.00
2016.08.09 11:17:46.461,1.7057,1.70606,1.00,1.00
2016.08.09 11:17:46.511,1.7057,1.70607,1.50,1.00
2016.08.09 11:17:46.816,1.70573,1.70607,1.00,1.00
2016.08.09 11:17:47.018,1.70574,1.70609,1.00,1.00
2016.08.09 11:17:47.294,1.70574,1.7061,2.25,1.00
2016.08.09 11:17:47.814,1.70574,1.70611,2.25,1.00
2016.08.09 11:17:47.985,1.70574,1.70609,1.50,1.00
2016.08.09 11:17:48.868,1.70574,1.7061,1.00,1.00
2016.08.09 11:17:49.669,1.70574,1.70609,1.00,1.00
2016.08.09 11:17:49.720,1.70573,1.70609,1.50,1.00
2016.08.09 11:17:49.771,1.70573,1.70609,1.00,1.00
2016.08.09 11:17:49.872,1.70573,1.70607,1.00,1.00
2016.08.09 11:17:49.974,1.70571,1.70607,1.00,1.00
2016.08.09 11:17:50.125,1.70569,1.70607,1.00,1.50
2016.08.09 11:17:51.016,1.70571,1.70609,1.00,1.00
2016.08.09 11:17:51.273,1.70573,1.70609,1.00,1.00
2016.08.09 11:17:51.596,1.70571,1.70609,1.50,1.00
2016.08.09 11:17:52.113,1.70571,1.7061,1.50,1.00
2016.08.09 11:17:52.214,1.70569,1.70608,1.50,1.00
2016.08.09 11:17:52.508,1.70569,1.70608,1.00,1.50
2016.08.09 11:17:52.612,1.70569,1.70607,1.00,1.00
2016.08.09 11:17:52.881,1.70569,1.70608,1.50,1.00
2016.08.09 11:17:52.983,1.70571,1.70611,1.00,1.50
2016.08.09 11:17:53.084,1.70571,1.7061,1.00,1.00
2016.08.09 11:17:53.379,1.70571,1.70611,1.00,1.50
2016.08.09 11:17:53.809,1.70571,1.70611,1.50,1.00
2016.08.09 11:17:54.573,1.70572,1.70611,1.00,1.00
2016.08.09 11:17:54.854,1.70573,1.70612,2.25,1.00
2016.08.09 11:17:55.376,1.70573,1.70612,1.50,1.00
2016.08.09 11:17:56.883,1.70573,1.70614,1.50,1.00
2016.08.09 11:17:57.685,1.70574,1.70615,1.00,1.00
2016.08.09 11:17:57.736,1.70574,1.70615,1.34,1.00
2016.08.09 11:17:57.787,1.70581,1.70615,1.00,1.00
2016.08.09 11:17:57.837,1.70581,1.70621,1.50,1.00
2016.08.09 11:17:57.888,1.70581,1.70621,1.00,1.00
2016.08.09 11:17:58.286,1.70579,1.70619,1.00,1.00
2016.08.09 11:17:58.387,1.70578,1.70614,1.50,1.00
2016.08.09 11:17:58.489,1.70578,1.70614,1.00,1.00
2016.08.09 11:17:58.590,1.70578,1.70614,1.00,1.00
2016.08.09 11:17:58.693,1.70578,1.70615,1.00,1.00
2016.08.09 11:17:59.250,1.70578,1.70614,1.00,1.00
2016.08.09 11:17:59.402,1.70573,1.70613,1.50,1.00
2016.08.09 11:18:00.298,1.70574,1.70613,1.00,1.00
2016.08.09 11:18:00.783,1.70573,1.70613,1.50,1.00
2016.08.09 11:18:02.335,1.70573,1.70612,1.50,1.00
2016.08.09 11:18:03.086,1.70574,1.70612,1.00,1.00
2016.08.09 11:18:03.591,1.70574,1.70609,1.00,1.00
2016.08.09 11:18:03.890,1.70573,1.70609,1.50,1.00
2016.08.09 11:18:03.941,1.70573,1.70611,1.50,1.00
2016.08.09 11:18:04.308,1.70574,1.70611,1.00,1.00
2016.08.09 11:18:04.409,1.70573,1.70611,2.25,1.00
2016.08.09 11:18:06.910,1.70574,1.70613,2.25,1.00
2016.08.09 11:18:06.961,1.70577,1.70613,1.00,1.00
2016.08.09 11:18:07.013,1.70579,1.70615,1.00,1.00
2016.08.09 11:18:07.276,1.7058,1.70617,1.00,1.00
2016.08.09 11:18:07.351,1.70581,1.70617,1.00,1.00
2016.08.09 11:18:07.402,1.70583,1.70617,1.00,1.00
2016.08.09 11:18:08.295,1.70583,1.70616,1.00,1.00
2016.08.09 11:18:10.565,1.70581,1.70616,1.00,1.00
2016.08.09 11:18:12.715,1.70581,1.70617,1.50,1.00
2016.08.09 11:18:13.936,1.70584,1.70617,1.00,1.00
2016.08.09 11:18:14.038,1.70581,1.70617,1.50,1.00
2016.08.09 11:18:14.317,1.70583,1.70617,1.00,1.00
2016.08.09 11:18:14.919,1.70584,1.70618,1.00,1.00
2016.08.09 11:18:15.144,1.70586,1.70618,1.00,1.00
2016.08.09 11:18:15.484,1.70586,1.70618,1.34,1.00
2016.08.09 11:18:15.535,1.70591,1.70623,1.50,1.00
2016.08.09 11:18:15.636,1.70592,1.70625,1.84,1.00
2016.08.09 11:18:16.295,1.70594,1.70625,1.34,1.00
2016.08.09 11:18:18.251,1.70594,1.70629,1.00,1.00
2016.08.09 11:18:18.705,1.7059,1.70624,1.00,1.00
2016.08.09 11:18:18.756,1.70589,1.70623,1.84,1.00
2016.08.09 11:18:19.604,1.70589,1.70623,1.09,1.00
2016.08.09 11:18:20.214,1.7059,1.70625,1.00,1.00
2016.08.09 11:18:20.366,1.7059,1.70627,1.00,1.00
2016.08.09 11:18:20.938,1.7059,1.70626,1.00,1.00
2016.08.09 11:18:22.556,1.70596,1.7063,1.00,1.00
2016.08.09 11:18:22.657,1.70596,1.7063,1.00,1.00
2016.08.09 11:18:22.859,1.70593,1.70629,1.00,1.00
2016.08.09 11:18:23.792,1.70593,1.70626,1.00,1.00
2016.08.09 11:18:23.843,1.70593,1.70629,1.00,1.00
2016.08.09 11:18:26.627,1.70593,1.7063,1.00,1.00
2016.08.09 11:18:28.680,1.70594,1.70631,1.00,1.50
2016.08.09 11:18:31.541,1.70596,1.70631,1.00,1.00
2016.08.09 11:18:31.643,1.70594,1.70628,1.00,1.00
2016.08.09 11:18:31.693,1.70594,1.70628,1.00,1.00
2016.08.09 11:18:31.946,1.70592,1.70627,1.00,1.50
2016.08.09 11:18:31.997,1.70595,1.70627,1.00,1.50
2016.08.09 11:18:32.221,1.70597,1.70629,1.00,1.00
2016.08.09 11:18:32.275,1.70599,1.70633,1.00,1.00
2016.08.09 11:18:32.376,1.70599,1.70635,1.00,1.00
2016.08.09 11:18:32.680,1.70601,1.70636,1.00,1.50
2016.08.09 11:18:33.544,1.70601,1.70636,1.00,2.25
2016.08.09 11:18:33.869,1.70601,1.70636,1.00,1.50
2016.08.09 11:18:34.764,1.70599,1.70635,1.00,1.00
2016.08.09 11:18:34.867,1.70599,1.70633,1.00,1.00
2016.08.09 11:18:35.171,1.70599,1.70635,1.00,1.00
2016.08.09 11:18:35.346,1.70599,1.70635,1.50,1.00
2016.08.09 11:18:35.555,1.70599,1.70635,1.00,1.00
2016.08.09 11:18:35.859,1.70599,1.70633,1.00,1.00
2016.08.09 11:18:36.161,1.70599,1.70635,1.00,1.00
