2012.10.18 15:00:00.029,1.58471,1.58495,1.13,1.13
2012.10.18 15:00:00.414,1.58471,1.58495,1.13,1.13
2012.10.18 15:00:00.599,1.58467,1.58499,1.35,1.13
2012.10.18 15:00:00.960,1.58471,1.58504,1.50,2.59
2012.10.18 15:00:01.620,1.58471,1.58499,1.50,1.09
2012.10.18 15:00:01.980,1.58461,1.58488,2.82,1.09
2012.10.18 15:00:02.299,1.58461,1.58488,2.07,1.47
2012.10.18 15:00:02.360,1.58456,1.58488,1.50,1.47
2012.10.18 15:00:02.900,1.58457,1.58487,1.50,1.13
2012.10.18 15:00:03.652,1.58458,1.5849,1.50,1.13
2012.10.18 15:00:03.889,1.58457,1.5849,1.50,1.13
2012.10.18 15:00:04.398,1.58457,1.5849,1.73,1.13
2012.10.18 15:00:04.941,1.58456,1.5849,1.50,1.13
2012.10.18 15:00:05.363,1.58456,1.5849,1.50,1.13
2012.10.18 15:00:06.754,1.58459,1.5849,1.50,1.50
2012.10.18 15:00:06.821,1.58456,1.5849,1.50,1.13
2012.10.18 15:00:09.377,1.58456,1.5849,1.50,1.13
2012.10.18 15:00:11.520,1.5846,1.58491,2.10,1.13
2012.10.18 15:00:11.606,1.58467,1.58498,1.50,1.13
2012.10.18 15:00:11.939,1.5846,1.58492,1.35,1.09
2012.10.18 15:00:12.000,1.5846,1.58491,1.35,1.13
2012.10.18 15:00:12.060,1.5846,1.58491,1.13,1.13
2012.10.18 15:00:13.259,1.58456,1.5849,1.50,1.50
2012.10.18 15:00:19.439,1.58453,1.5849,3.00,1.50
2012.10.18 15:00:19.499,1.58452,1.58486,1.35,1.13
2012.10.18 15:00:20.180,1.58452,1.58485,1.95,1.13
2012.10.18 15:00:20.240,1.58457,1.58486,1.50,1.50
2012.10.18 15:00:20.651,1.58452,1.58484,2.18,1.09
2012.10.18 15:00:20.771,1.58447,1.58481,1.73,1.13
2012.10.18 15:00:21.009,1.58451,1.5848,1.73,1.13
2012.10.18 15:00:22.100,1.58453,1.5848,2.63,1.13
2012.10.18 15:00:22.621,1.58457,1.58483,1.50,1.13
2012.10.18 15:00:22.959,1.58457,1.5849,1.50,1.73
2012.10.18 15:00:23.641,1.58462,1.58489,1.50,1.09
2012.10.18 15:00:23.760,1.58457,1.58489,3.75,1.09
2012.10.18 15:00:27.090,1.58457,1.5849,1.50,1.35
2012.10.18 15:00:27.150,1.58464,1.58498,1.09,1.35
2012.10.18 15:00:27.510,1.58457,1.58491,1.50,1.73
2012.10.18 15:00:27.750,1.5846,1.58494,1.50,1.73
2012.10.18 15:00:27.869,1.58457,1.5849,2.48,1.47
2012.10.18 15:00:28.410,1.58456,1.5849,1.73,1.47
2012.10.18 15:00:29.149,1.58456,1.5849,1.50,1.32
2012.10.18 15:00:30.129,1.58462,1.58494,1.50,1.73
2012.10.18 15:00:30.430,1.58462,1.58497,1.73,1.13
2012.10.18 15:00:30.730,1.58476,1.58506,1.50,2.07
2012.10.18 15:00:31.000,1.58472,1.58506,1.50,1.32
2012.10.18 15:00:33.159,1.58476,1.58505,1.50,1.09
2012.10.18 15:00:33.220,1.58476,1.58508,1.50,1.73
2012.10.18 15:00:33.733,1.58476,1.58507,1.50,1.13
2012.10.18 15:00:34.790,1.58482,1.58509,1.50,1.09
2012.10.18 15:00:35.060,1.58476,1.58509,1.73,1.09
2012.10.18 15:00:35.663,1.58482,1.58509,1.50,1.09
2012.10.18 15:00:35.950,1.58473,1.58509,1.13,1.32
2012.10.18 15:00:36.399,1.58473,1.58508,1.13,1.32
2012.10.18 15:00:36.459,1.58467,1.58504,1.73,1.50
2012.10.18 15:00:36.650,1.58471,1.58504,1.50,1.50
2012.10.18 15:00:36.950,1.58464,1.58496,1.35,1.13
2012.10.18 15:00:37.071,1.58462,1.58496,1.50,1.50
2012.10.18 15:00:37.369,1.5846,1.58496,1.50,2.48
2012.10.18 15:00:37.760,1.58459,1.58485,1.50,1.13
2012.10.18 15:00:37.890,1.58452,1.58485,1.73,1.13
2012.10.18 15:00:38.901,1.58456,1.58485,1.50,1.73
2012.10.18 15:00:38.962,1.58456,1.58485,1.50,1.50
2012.10.18 15:00:39.129,1.58457,1.58485,1.50,1.50
2012.10.18 15:00:39.710,1.58457,1.58485,1.50,1.13
2012.10.18 15:00:39.829,1.58461,1.58491,1.50,1.32
2012.10.18 15:00:39.952,1.58461,1.58491,1.50,1.09
2012.10.18 15:00:40.930,1.5846,1.58491,1.50,1.47
2012.10.18 15:00:41.052,1.5846,1.58491,1.50,2.07
2012.10.18 15:00:41.372,1.58457,1.5849,1.50,1.35
2012.10.18 15:00:41.640,1.5846,1.5849,1.50,1.35
2012.10.18 15:00:41.819,1.5846,1.58491,1.50,2.07
2012.10.18 15:00:42.071,1.58462,1.5849,1.50,1.13
2012.10.18 15:00:42.639,1.58456,1.5849,1.95,1.50
2012.10.18 15:00:42.699,1.5845,1.58484,1.35,1.50
2012.10.18 15:00:42.759,1.5845,1.58484,1.13,1.73
2012.10.18 15:00:42.939,1.58449,1.58476,1.50,1.32
2012.10.18 15:00:43.059,1.58446,1.58476,1.50,1.32
2012.10.18 15:00:43.681,1.58449,1.58479,1.50,1.35
2012.10.18 15:00:43.739,1.58449,1.58479,1.50,1.13
2012.10.18 15:00:43.859,1.58452,1.5848,1.50,2.07
2012.10.18 15:00:44.160,1.58452,1.5848,1.50,1.69
2012.10.18 15:00:45.392,1.58452,1.58484,1.50,1.73
2012.10.18 15:00:45.700,1.58445,1.58477,1.13,1.47
2012.10.18 15:00:46.301,1.58443,1.58477,1.50,1.73
2012.10.18 15:00:48.856,1.58443,1.58478,1.50,1.32
2012.10.18 15:00:48.919,1.58443,1.58478,1.50,1.32
2012.10.18 15:00:48.981,1.58445,1.58479,1.13,1.47
2012.10.18 15:00:49.334,1.58451,1.58482,1.50,1.32
2012.10.18 15:00:49.408,1.58451,1.58478,1.50,1.84
2012.10.18 15:00:49.710,1.58436,1.58466,2.25,1.32
2012.10.18 15:00:49.770,1.58436,1.58466,1.50,1.32
2012.10.18 15:00:51.692,1.58436,1.58464,1.50,1.09
2012.10.18 15:00:51.841,1.58436,1.58466,1.50,1.73
2012.10.18 15:00:53.604,1.58435,1.58464,1.50,1.09
2012.10.18 15:00:54.705,1.58435,1.58468,1.50,1.35
2012.10.18 15:00:55.249,1.58435,1.58464,1.50,1.09
2012.10.18 15:00:56.028,1.58435,1.58468,1.50,1.35
2012.10.18 15:01:02.911,1.58435,1.58469,1.73,1.09
2012.10.18 15:01:03.451,1.58443,1.58479,1.50,1.73
2012.10.18 15:01:03.660,1.58451,1.58483,1.50,1.32
2012.10.18 15:01:04.199,1.58451,1.58483,1.50,1.32
2012.10.18 15:01:08.402,1.58451,1.58479,1.50,1.09
2012.10.18 15:01:08.629,1.58451,1.58481,1.50,1.09
2012.10.18 15:01:12.669,1.58446,1.58477,1.13,1.50
2012.10.18 15:01:12.730,1.58446,1.58468,1.13,1.13
2012.10.18 15:01:12.849,1.58439,1.58468,1.35,1.13
2012.10.18 15:01:13.030,1.58436,1.58468,1.50,1.35
2012.10.18 15:01:13.450,1.58436,1.58468,1.50,1.35
2012.10.18 15:01:13.511,1.58443,1.58474,1.50,1.73
2012.10.18 15:01:13.630,1.58443,1.58476,1.50,1.35
2012.10.18 15:01:17.870,1.58445,1.58477,3.00,1.73
2012.10.18 15:01:18.239,1.58447,1.58486,1.13,2.35
2012.10.18 15:01:18.299,1.58447,1.58483,1.13,1.35
2012.10.18 15:01:18.359,1.58457,1.58484,1.50,1.36
2012.10.18 15:01:18.420,1.58457,1.58486,1.50,1.13
2012.10.18 15:01:18.599,1.58459,1.58489,1.50,1.73
2012.10.18 15:01:19.849,1.58457,1.58486,1.50,1.73
2012.10.18 15:01:21.751,1.58451,1.58486,1.50,1.35
2012.10.18 15:01:21.810,1.58452,1.58486,1.50,1.35
2012.10.18 15:01:22.900,1.58447,1.58486,1.88,1.35
2012.10.18 15:01:23.259,1.58453,1.58483,1.50,1.35
2012.10.18 15:01:24.031,1.58454,1.58487,1.13,1.35
2012.10.18 15:01:26.573,1.5845,1.58484,1.50,1.73
2012.10.18 15:01:26.930,1.5845,1.58478,1.13,1.13
2012.10.18 15:01:27.239,1.58441,1.58475,1.50,1.35
2012.10.18 15:01:27.459,1.5844,1.58475,1.50,1.35
2012.10.18 15:01:27.729,1.5844,1.58475,1.50,1.35
2012.10.18 15:01:29.110,1.5844,1.58479,1.50,1.73
2012.10.18 15:01:29.289,1.5844,1.58479,1.73,1.73
2012.10.18 15:01:30.079,1.58444,1.58479,1.50,1.73
2012.10.18 15:01:30.140,1.58444,1.58476,1.50,1.50
2012.10.18 15:01:31.420,1.58444,1.58481,1.50,1.73
2012.10.18 15:01:32.194,1.58441,1.58471,1.88,1.09
2012.10.18 15:01:32.267,1.58436,1.58471,1.73,1.09
2012.10.18 15:01:32.389,1.58435,1.58471,1.50,1.32
2012.10.18 15:01:32.900,1.58435,1.58471,1.50,1.32
2012.10.18 15:01:32.960,1.58435,1.58471,2.25,1.32
2012.10.18 15:01:34.440,1.5844,1.58473,1.09,1.73
2012.10.18 15:01:34.741,1.58453,1.58482,1.84,1.35
2012.10.18 15:01:35.159,1.58453,1.58488,1.84,2.48
2012.10.18 15:01:37.420,1.58451,1.58481,1.50,1.50
2012.10.18 15:01:37.539,1.58444,1.58479,1.50,1.73
2012.10.18 15:01:37.660,1.58449,1.58483,1.09,1.73
2012.10.18 15:01:37.839,1.58452,1.58486,1.50,1.35
2012.10.18 15:01:37.899,1.58452,1.58487,1.50,1.73
2012.10.18 15:01:38.140,1.58454,1.58486,1.50,1.73
2012.10.18 15:01:38.380,1.58457,1.58493,1.50,2.69
2012.10.18 15:01:38.619,1.58464,1.58493,1.50,1.50
2012.10.18 15:01:38.802,1.58467,1.58493,1.50,1.50
2012.10.18 15:01:38.860,1.58471,1.58499,1.50,1.35
2012.10.18 15:01:39.399,1.58471,1.585,1.50,1.73
2012.10.18 15:01:39.460,1.58473,1.58507,1.50,1.35
2012.10.18 15:01:40.820,1.58471,1.58507,2.25,1.35
2012.10.18 15:01:41.000,1.58471,1.58499,1.50,1.13
2012.10.18 15:01:41.119,1.58471,1.58499,1.50,1.35
2012.10.18 15:01:42.772,1.58469,1.58499,2.63,1.35
2012.10.18 15:01:42.829,1.58471,1.58499,1.50,1.35
2012.10.18 15:01:43.842,1.58471,1.585,2.25,1.50
2012.10.18 15:01:44.240,1.58472,1.58504,1.50,1.73
2012.10.18 15:01:44.440,1.58472,1.585,1.50,1.50
2012.10.18 15:01:44.623,1.58472,1.58503,1.50,1.73
2012.10.18 15:01:45.052,1.58472,1.58504,3.00,1.35
2012.10.18 15:01:45.251,1.58472,1.58504,3.00,1.35
2012.10.18 15:01:45.559,1.58478,1.58512,2.25,1.73
2012.10.18 15:01:46.920,1.58478,1.5851,1.50,1.73
2012.10.18 15:01:47.784,1.58475,1.58504,1.50,1.35
2012.10.18 15:01:47.854,1.58476,1.58505,1.50,1.73
2012.10.18 15:01:48.225,1.58474,1.58505,3.38,1.73
2012.10.18 15:01:49.912,1.58477,1.58505,1.50,1.73
2012.10.18 15:01:50.352,1.58474,1.58505,3.00,1.73
2012.10.18 15:01:53.969,1.58471,1.58504,1.50,1.73
2012.10.18 15:01:54.399,1.58472,1.58504,1.50,1.73
2012.10.18 15:01:55.147,1.58474,1.58504,1.88,1.73
2012.10.18 15:01:55.656,1.58474,1.58504,2.25,1.35
2012.10.18 15:01:56.308,1.58475,1.58504,1.50,1.73
2012.10.18 15:01:57.133,1.58474,1.58504,2.63,1.35
2012.10.18 15:01:58.520,1.58472,1.58504,1.84,1.35
2012.10.18 15:01:58.640,1.58472,1.58504,1.84,1.35
2012.10.18 15:01:58.759,1.58472,1.58504,2.59,1.35
2012.10.18 15:01:59.059,1.58477,1.58504,1.50,1.13
2012.10.18 15:02:01.389,1.58478,1.5851,1.50,1.73
2012.10.18 15:02:01.750,1.58475,1.58507,1.50,1.32
2012.10.18 15:02:02.110,1.58469,1.58488,2.63,1.35
2012.10.18 15:02:02.349,1.58457,1.58487,1.50,1.35
2012.10.18 15:02:02.469,1.58453,1.58487,1.50,1.73
2012.10.18 15:02:06.831,1.5845,1.58487,1.13,1.73
2012.10.18 15:02:07.249,1.58447,1.58479,1.50,1.35
2012.10.18 15:02:08.160,1.58445,1.5848,1.50,1.73
2012.10.18 15:02:10.901,1.58445,1.58479,2.25,1.35
2012.10.18 15:02:13.400,1.58444,1.58484,1.50,1.73
2012.10.18 15:02:13.519,1.5845,1.58484,1.09,1.50
2012.10.18 15:02:13.790,1.58452,1.58489,1.50,1.73
2012.10.18 15:02:16.101,1.58454,1.58488,3.00,1.35
2012.10.18 15:02:16.401,1.58454,1.58488,3.00,1.35
2012.10.18 15:02:16.462,1.58454,1.58489,1.50,1.73
2012.10.18 15:02:16.520,1.58454,1.58489,1.50,1.73
2012.10.18 15:02:16.580,1.58454,1.58489,1.13,1.73
2012.10.18 15:02:17.120,1.58453,1.58489,1.50,1.73
2012.10.18 15:02:17.670,1.58454,1.58489,1.88,1.73
2012.10.18 15:02:18.244,1.58452,1.58489,1.50,1.73
2012.10.18 15:02:18.789,1.58453,1.58489,1.13,1.35
2012.10.18 15:02:19.383,1.58453,1.58488,1.88,1.43
2012.10.18 15:02:19.919,1.58459,1.58493,1.50,1.73
2012.10.18 15:02:20.359,1.5846,1.58493,1.50,1.35
2012.10.18 15:02:21.059,1.58461,1.58496,1.50,1.35
2012.10.18 15:02:21.489,1.58469,1.58503,1.50,1.41
2012.10.18 15:02:21.609,1.58469,1.58504,1.50,1.35
2012.10.18 15:02:24.961,1.58466,1.58496,1.50,1.13
2012.10.18 15:02:25.080,1.58461,1.58496,1.73,1.50
2012.10.18 15:02:25.141,1.58461,1.58496,1.50,1.73
2012.10.18 15:02:25.202,1.58468,1.58499,1.88,1.73
2012.10.18 15:02:25.818,1.58471,1.58505,1.13,1.35
2012.10.18 15:02:25.895,1.58475,1.5851,1.13,1.32
2012.10.18 15:02:28.360,1.58474,1.58509,1.50,1.73
2012.10.18 15:02:28.748,1.58474,1.58509,1.50,1.35
2012.10.18 15:02:30.139,1.58471,1.58508,1.88,1.73
2012.10.18 15:02:30.259,1.58469,1.58505,1.50,1.73
2012.10.18 15:02:31.169,1.58473,1.58504,1.50,1.35
2012.10.18 15:02:31.229,1.58473,1.58504,1.50,1.13
2012.10.18 15:02:32.036,1.58473,1.58508,1.50,1.73
2012.10.18 15:02:32.159,1.58473,1.58505,1.50,1.50
2012.10.18 15:02:32.959,1.58471,1.58504,1.50,1.13
2012.10.18 15:02:33.019,1.58469,1.58504,1.73,1.13
2012.10.18 15:02:34.510,1.58466,1.58504,1.88,1.35
2012.10.18 15:02:34.570,1.58469,1.58504,1.50,1.35
2012.10.18 15:02:37.389,1.58467,1.58503,1.50,1.73
2012.10.18 15:02:37.450,1.58466,1.58497,1.13,1.13
2012.10.18 15:02:37.870,1.58462,1.58496,1.13,1.35
2012.10.18 15:02:38.170,1.58461,1.58496,1.50,1.35
2012.10.18 15:02:38.670,1.58466,1.58496,1.13,1.73
2012.10.18 15:02:40.920,1.5847,1.58499,1.50,1.69
2012.10.18 15:02:41.159,1.58466,1.585,1.88,3.98
2012.10.18 15:02:41.409,1.58466,1.58494,1.13,1.13
2012.10.18 15:02:41.469,1.58458,1.58492,1.73,1.13
2012.10.18 15:02:41.592,1.58456,1.58492,1.50,1.35
2012.10.18 15:02:41.650,1.58458,1.58492,1.50,1.35
2012.10.18 15:02:42.089,1.58458,1.58494,1.09,1.73
2012.10.18 15:02:42.419,1.58458,1.58492,1.84,1.73
2012.10.18 15:02:45.770,1.58466,1.58499,1.50,1.35
2012.10.18 15:02:45.832,1.58466,1.585,1.50,1.73
2012.10.18 15:02:46.449,1.58466,1.585,1.50,1.73
2012.10.18 15:02:46.769,1.58466,1.585,1.50,1.73
2012.10.18 15:02:47.670,1.58474,1.58503,1.50,1.35
2012.10.18 15:02:47.850,1.58474,1.58506,1.50,1.50
2012.10.18 15:02:50.584,1.58474,1.58509,1.50,1.35
2012.10.18 15:02:51.098,1.58478,1.5851,1.50,1.50
2012.10.18 15:02:51.399,1.58476,1.58508,1.50,1.50
2012.10.18 15:02:51.580,1.58476,1.58508,1.50,1.73
2012.10.18 15:02:51.640,1.58472,1.58508,1.50,1.73
2012.10.18 15:02:51.759,1.58469,1.58504,1.50,1.35
2012.10.18 15:02:53.220,1.58474,1.58504,1.50,1.35
2012.10.18 15:02:53.340,1.58474,1.58508,1.50,1.73
2012.10.18 15:02:54.249,1.58477,1.5851,3.00,1.73
2012.10.18 15:02:54.372,1.58478,1.58514,1.50,2.48
2012.10.18 15:02:54.549,1.58482,1.58514,1.50,1.73
2012.10.18 15:02:59.409,1.58486,1.58517,1.50,1.35
2012.10.18 15:02:59.529,1.5849,1.58524,1.50,1.50
2012.10.18 15:02:59.919,1.58487,1.58521,1.50,1.50
2012.10.18 15:03:00.039,1.58483,1.58517,1.50,1.73
2012.10.18 15:03:01.180,1.58483,1.58519,1.50,1.73
2012.10.18 15:03:01.838,1.5849,1.58521,1.50,1.50
2012.10.18 15:03:04.910,1.5849,1.58519,1.50,1.50
2012.10.18 15:03:04.971,1.58487,1.58518,1.88,1.50
2012.10.18 15:03:05.670,1.58483,1.58516,1.50,1.73
2012.10.18 15:03:09.650,1.58481,1.58516,1.50,1.73
2012.10.18 15:03:09.889,1.58479,1.58516,1.50,1.73
2012.10.18 15:03:13.220,1.58486,1.58518,1.50,1.73
2012.10.18 15:03:13.339,1.58486,1.58518,1.50,1.50
2012.10.18 15:03:13.460,1.58482,1.58517,1.88,1.73
2012.10.18 15:03:13.580,1.58478,1.5851,1.50,1.50
2012.10.18 15:03:13.640,1.58478,1.58512,1.50,1.35
2012.10.18 15:03:13.820,1.58478,1.5851,1.50,1.73
2012.10.18 15:03:16.170,1.58472,1.585,1.13,1.09
2012.10.18 15:03:16.289,1.58469,1.585,1.50,1.09
2012.10.18 15:03:16.714,1.58467,1.58504,1.50,1.73
2012.10.18 15:03:17.740,1.58461,1.58496,1.50,1.73
2012.10.18 15:03:21.927,1.58459,1.58493,1.50,1.50
2012.10.18 15:03:22.168,1.58458,1.58491,1.13,1.50
2012.10.18 15:03:23.157,1.58456,1.58491,1.50,2.48
2012.10.18 15:03:23.337,1.58456,1.58491,1.50,2.48
2012.10.18 15:03:23.525,1.58456,1.58491,1.50,2.48
2012.10.18 15:03:24.514,1.58456,1.58491,1.50,2.10
2012.10.18 15:03:25.057,1.58456,1.58491,1.50,1.13
2012.10.18 15:03:25.461,1.58456,1.58493,1.50,1.73
2012.10.18 15:03:26.408,1.5846,1.58491,1.50,1.84
2012.10.18 15:03:26.467,1.58457,1.58488,1.50,1.50
2012.10.18 15:03:26.527,1.58452,1.58488,1.35,1.88
2012.10.18 15:03:29.407,1.58452,1.58487,1.50,1.73
2012.10.18 15:03:29.949,1.58458,1.5849,1.13,1.13
2012.10.18 15:03:30.067,1.58457,1.58489,1.13,1.13
2012.10.18 15:03:30.298,1.58457,1.5849,1.13,1.13
2012.10.18 15:03:30.357,1.58459,1.58494,1.50,2.48
2012.10.18 15:03:32.167,1.58459,1.5849,1.50,1.50
2012.10.18 15:03:38.097,1.58459,1.58493,1.50,1.50
2012.10.18 15:03:38.239,1.58459,1.58492,1.50,1.50
2012.10.18 15:03:38.523,1.58459,1.58493,1.50,1.50
2012.10.18 15:03:39.677,1.58458,1.58486,1.13,1.50
2012.10.18 15:03:40.037,1.58456,1.58487,1.50,1.50
2012.10.18 15:03:41.105,1.58456,1.58486,1.50,1.13
2012.10.18 15:03:41.988,1.58455,1.58488,1.50,1.50
2012.10.18 15:03:42.205,1.58455,1.58487,1.50,1.50
2012.10.18 15:03:42.538,1.58455,1.58488,1.50,1.50
2012.10.18 15:03:45.484,1.58455,1.58487,1.50,1.50
2012.10.18 15:03:46.418,1.58455,1.58488,1.50,1.50
2012.10.18 15:03:47.184,1.58455,1.58491,1.50,1.35
2012.10.18 15:03:48.788,1.58455,1.58491,1.50,1.35
2012.10.18 15:03:49.267,1.58455,1.58491,1.50,1.35
2012.10.18 15:03:50.923,1.58455,1.58488,1.50,1.13
2012.10.18 15:03:50.987,1.58455,1.58487,1.50,1.35
2012.10.18 15:04:04.917,1.5845,1.58487,1.50,1.73
2012.10.18 15:04:04.977,1.5845,1.58487,1.50,1.73
2012.10.18 15:04:06.147,1.58447,1.58475,1.88,1.50
2012.10.18 15:04:06.327,1.58442,1.58475,1.73,1.50
2012.10.18 15:04:06.388,1.58442,1.58473,1.73,1.50
2012.10.18 15:04:06.747,1.58435,1.58463,1.50,1.50
2012.10.18 15:04:07.377,1.58435,1.58463,1.50,1.50
2012.10.18 15:04:07.438,1.58431,1.58459,1.50,1.50
2012.10.18 15:04:07.948,1.58425,1.58459,1.50,1.73
2012.10.18 15:04:08.398,1.58427,1.58462,3.00,1.73
2012.10.18 15:04:08.762,1.58432,1.58465,1.73,1.09
2012.10.18 15:04:08.887,1.58432,1.58465,1.73,1.50
2012.10.18 15:04:09.737,1.58432,1.58469,1.73,2.48
2012.10.18 15:04:14.419,1.58436,1.58465,1.50,1.50
2012.10.18 15:04:15.309,1.58436,1.58469,1.50,1.73
2012.10.18 15:04:15.371,1.58436,1.58465,1.50,1.50
2012.10.18 15:04:15.707,1.58436,1.58469,1.50,1.73
2012.10.18 15:04:17.125,1.58436,1.58472,1.50,2.48
2012.10.18 15:04:17.308,1.58436,1.58472,1.50,2.48
2012.10.18 15:04:17.488,1.58436,1.58472,1.50,2.10
2012.10.18 15:04:17.568,1.58436,1.58472,1.50,2.10
2012.10.18 15:04:18.059,1.58436,1.58472,1.50,2.10
2012.10.18 15:04:18.610,1.58434,1.58458,1.13,1.13
2012.10.18 15:04:18.692,1.58432,1.58458,1.69,1.13
2012.10.18 15:04:18.817,1.58429,1.58457,2.44,1.13
2012.10.18 15:04:19.317,1.58432,1.58462,1.13,1.35
2012.10.18 15:04:19.875,1.5843,1.58461,1.50,1.13
2012.10.18 15:04:23.097,1.58432,1.58465,1.09,1.35
2012.10.18 15:04:23.337,1.58439,1.58467,1.50,1.13
2012.10.18 15:04:23.398,1.58437,1.58466,1.50,1.13
2012.10.18 15:04:23.457,1.58436,1.58466,1.13,1.13
2012.10.18 15:04:23.937,1.58436,1.58472,1.50,1.73
2012.10.18 15:04:23.997,1.58443,1.58472,1.50,1.50
2012.10.18 15:04:24.298,1.58441,1.58471,1.50,1.50
2012.10.18 15:04:24.777,1.58443,1.58474,1.50,2.25
2012.10.18 15:04:25.438,1.58443,1.58474,1.50,1.50
2012.10.18 15:04:25.557,1.58443,1.58474,1.50,2.25
2012.10.18 15:04:27.068,1.58442,1.58474,1.50,1.50
2012.10.18 15:04:29.388,1.58442,1.58476,1.50,2.85
2012.10.18 15:04:29.688,1.58447,1.58478,1.50,1.50
2012.10.18 15:04:29.868,1.58446,1.5847,1.50,1.13
2012.10.18 15:04:30.228,1.58445,1.58458,1.13,1.50
2012.10.18 15:04:30.532,1.58437,1.58458,1.77,1.50
2012.10.18 15:04:30.658,1.58438,1.58458,2.68,1.50
2012.10.18 15:04:30.960,1.58443,1.58459,2.32,1.50
2012.10.18 15:04:31.857,1.58445,1.58458,1.13,1.50
2012.10.18 15:04:31.946,1.58428,1.58458,1.84,1.50
2012.10.18 15:04:32.730,1.58428,1.58458,1.84,1.50
2012.10.18 15:04:33.217,1.58428,1.58463,2.07,2.25
2012.10.18 15:04:34.718,1.58436,1.58468,1.50,1.50
2012.10.18 15:04:35.468,1.58437,1.58469,1.50,1.50
2012.10.18 15:04:35.590,1.58437,1.58468,1.50,1.50
2012.10.18 15:04:35.722,1.58437,1.58468,1.50,1.50
2012.10.18 15:04:35.921,1.58437,1.58469,1.73,1.50
2012.10.18 15:04:35.978,1.58437,1.58471,1.73,1.50
2012.10.18 15:04:36.158,1.58443,1.58471,1.35,1.13
2012.10.18 15:04:36.408,1.58442,1.58471,1.13,1.13
2012.10.18 15:04:36.670,1.58442,1.58469,1.13,2.25
2012.10.18 15:04:37.129,1.58438,1.58473,1.50,1.35
2012.10.18 15:04:37.188,1.58442,1.58474,1.50,2.48
2012.10.18 15:04:37.839,1.58442,1.58473,1.50,1.50
2012.10.18 15:04:37.920,1.58438,1.58468,1.73,1.50
2012.10.18 15:04:39.529,1.58438,1.58468,1.50,1.73
2012.10.18 15:04:39.647,1.58437,1.58468,1.50,1.73
2012.10.18 15:04:40.138,1.58438,1.58469,1.50,1.50
2012.10.18 15:04:41.168,1.58439,1.58469,1.09,1.50
2012.10.18 15:04:41.258,1.58438,1.58467,1.09,1.50
2012.10.18 15:04:41.546,1.58439,1.58469,1.09,1.50
2012.10.18 15:04:41.927,1.58439,1.58469,1.09,1.50
2012.10.18 15:04:42.227,1.58437,1.58463,1.50,1.50
2012.10.18 15:04:42.897,1.58437,1.58468,1.50,1.50
2012.10.18 15:04:43.397,1.58437,1.58463,1.50,1.50
2012.10.18 15:04:44.518,1.58437,1.58469,1.84,1.50
2012.10.18 15:04:45.378,1.58437,1.58464,1.09,1.50
2012.10.18 15:04:45.629,1.58436,1.58464,1.50,1.73
2012.10.18 15:04:45.988,1.58433,1.58462,1.13,1.73
2012.10.18 15:04:46.047,1.58437,1.58463,1.50,1.73
2012.10.18 15:04:46.878,1.58428,1.58461,1.09,1.50
2012.10.18 15:04:47.237,1.58426,1.58458,1.09,1.73
2012.10.18 15:04:47.368,1.58424,1.58458,1.88,1.73
2012.10.18 15:04:49.659,1.58424,1.5846,1.88,1.73
2012.10.18 15:04:49.778,1.58424,1.5846,1.88,1.73
2012.10.18 15:04:49.838,1.58424,1.58459,1.88,1.73
2012.10.18 15:04:50.078,1.58424,1.5846,1.88,1.73
2012.10.18 15:04:52.827,1.58424,1.58461,1.47,1.73
2012.10.18 15:04:53.137,1.58421,1.58455,1.50,1.73
2012.10.18 15:04:54.907,1.58421,1.58455,1.50,2.48
2012.10.18 15:04:55.238,1.58421,1.58455,1.50,2.48
2012.10.18 15:04:56.047,1.58421,1.58455,1.50,1.35
2012.10.18 15:04:56.108,1.58421,1.58455,1.50,1.13
2012.10.18 15:04:56.617,1.58422,1.58456,1.84,1.50
2012.10.18 15:04:57.573,1.58421,1.58458,1.09,1.73
2012.10.18 15:04:57.651,1.58429,1.58458,1.50,1.50
2012.10.18 15:04:59.482,1.58421,1.58454,2.44,1.13
2012.10.18 15:04:59.727,1.58421,1.58454,1.50,1.35
2012.10.18 15:05:01.870,1.58416,1.58454,1.50,1.35
2012.10.18 15:05:01.930,1.58415,1.58447,1.13,1.13
2012.10.18 15:05:02.170,1.58414,1.58448,2.63,1.73
2012.10.18 15:05:02.228,1.58414,1.58448,2.85,1.50
2012.10.18 15:05:02.289,1.58418,1.58452,1.50,1.73
2012.10.18 15:05:04.458,1.58416,1.58446,1.50,1.13
2012.10.18 15:05:05.059,1.58414,1.58447,1.84,1.73
2012.10.18 15:05:06.387,1.58411,1.58449,1.50,2.48
2012.10.18 15:05:06.707,1.58413,1.58449,1.13,2.10
2012.10.18 15:05:06.958,1.58416,1.58449,1.50,1.73
2012.10.18 15:05:08.259,1.58416,1.5845,1.50,1.73
2012.10.18 15:05:08.617,1.58416,1.58453,1.50,2.48
2012.10.18 15:05:09.820,1.58421,1.58453,1.50,2.25
2012.10.18 15:05:10.609,1.58422,1.58453,1.50,1.50
2012.10.18 15:05:17.308,1.58422,1.58453,1.50,1.73
2012.10.18 15:05:18.159,1.58421,1.58452,1.50,1.50
2012.10.18 15:05:18.278,1.58422,1.58453,1.50,1.73
2012.10.18 15:05:21.978,1.58422,1.58455,1.50,2.10
2012.10.18 15:05:22.291,1.58421,1.58458,1.88,2.10
2012.10.18 15:05:22.360,1.58421,1.58458,1.88,1.88
2012.10.18 15:05:22.478,1.58427,1.58458,1.50,1.50
2012.10.18 15:05:27.418,1.58435,1.58468,1.09,1.73
2012.10.18 15:05:27.598,1.58435,1.58468,1.09,1.88
2012.10.18 15:05:27.977,1.58435,1.58469,1.09,1.50
2012.10.18 15:05:28.908,1.58437,1.58473,1.50,1.73
2012.10.18 15:05:29.318,1.58441,1.58473,1.09,1.13
2012.10.18 15:05:31.369,1.58442,1.58473,1.50,1.50
2012.10.18 15:05:31.871,1.58434,1.58468,1.50,1.73
2012.10.18 15:05:32.148,1.58434,1.58467,1.50,1.73
2012.10.18 15:05:32.399,1.58433,1.58463,1.50,1.50
2012.10.18 15:05:33.448,1.58426,1.58461,1.50,1.35
2012.10.18 15:05:33.688,1.58429,1.58468,1.50,1.35
2012.10.18 15:05:33.807,1.58433,1.58468,1.09,1.13
2012.10.18 15:05:33.927,1.58439,1.58468,1.09,1.13
2012.10.18 15:05:34.229,1.58443,1.58473,1.50,3.00
2012.10.18 15:05:34.689,1.58443,1.5847,1.09,1.50
2012.10.18 15:05:35.049,1.58436,1.58468,2.48,1.50
2012.10.18 15:05:35.108,1.58436,1.58468,1.73,1.50
2012.10.18 15:05:35.347,1.58435,1.58469,2.25,1.73
2012.10.18 15:05:39.568,1.58435,1.5847,1.50,1.73
2012.10.18 15:05:43.378,1.58431,1.58466,1.50,1.35
2012.10.18 15:05:43.498,1.5843,1.58459,1.13,1.50
2012.10.18 15:05:43.559,1.58424,1.58459,1.13,2.10
2012.10.18 15:05:43.860,1.58429,1.58461,1.50,1.50
2012.10.18 15:05:44.079,1.58429,1.58459,1.50,1.50
2012.10.18 15:05:45.218,1.58429,1.58459,1.50,2.48
2012.10.18 15:05:46.338,1.58424,1.58459,1.50,2.48
2012.10.18 15:05:46.662,1.58424,1.58459,1.50,2.48
2012.10.18 15:05:47.205,1.58424,1.58459,1.50,2.10
2012.10.18 15:05:47.687,1.58424,1.58455,1.50,1.50
2012.10.18 15:05:47.977,1.58424,1.58458,1.50,1.73
2012.10.18 15:05:49.348,1.58422,1.58455,1.50,1.50
2012.10.18 15:05:49.467,1.58415,1.58452,1.73,2.25
2012.10.18 15:05:51.117,1.58423,1.58452,1.09,1.73
2012.10.18 15:05:51.298,1.58423,1.58459,1.32,1.13
2012.10.18 15:05:51.659,1.58431,1.58455,1.09,1.13
2012.10.18 15:05:51.840,1.58429,1.58458,1.13,1.35
2012.10.18 15:05:52.078,1.58427,1.58459,1.50,2.25
2012.10.18 15:05:52.617,1.58428,1.58459,1.09,1.50
2012.10.18 15:05:53.037,1.58432,1.58463,1.50,1.50
2012.10.18 15:05:53.468,1.58435,1.58467,1.09,1.73
2012.10.18 15:05:53.588,1.58435,1.58468,1.09,1.50
2012.10.18 15:05:54.188,1.58439,1.58468,1.09,1.50
2012.10.18 15:05:57.096,1.58439,1.58469,1.09,1.73
2012.10.18 15:05:58.262,1.58435,1.58469,1.50,1.73
2012.10.18 15:05:59.065,1.5844,1.58472,1.09,1.35
2012.10.18 15:05:59.308,1.58441,1.58474,1.50,2.10
2012.10.18 15:05:59.818,1.58441,1.58474,1.50,1.73
2012.10.18 15:06:03.629,1.58438,1.58469,1.13,1.50
2012.10.18 15:06:03.747,1.58432,1.58469,3.75,1.73
2012.10.18 15:06:06.628,1.58433,1.58468,2.59,1.35
2012.10.18 15:06:06.748,1.58433,1.58459,1.50,1.50
2012.10.18 15:06:07.288,1.5843,1.58459,1.09,1.35
2012.10.18 15:06:07.408,1.58424,1.58457,2.63,1.50
2012.10.18 15:06:08.087,1.58421,1.58454,1.88,1.50
2012.10.18 15:06:08.207,1.58421,1.58449,1.88,1.13
2012.10.18 15:06:08.567,1.58418,1.58451,1.50,1.73
2012.10.18 15:06:08.881,1.58418,1.58449,1.50,1.13
2012.10.18 15:06:10.532,1.58416,1.58451,1.09,1.73
2012.10.18 15:06:11.028,1.58427,1.58453,1.47,1.35
2012.10.18 15:06:11.147,1.58427,1.58453,1.69,1.13
2012.10.18 15:06:11.271,1.58429,1.5846,1.09,1.13
2012.10.18 15:06:11.507,1.58432,1.58464,1.50,1.73
2012.10.18 15:06:14.718,1.58431,1.58459,1.50,1.50
2012.10.18 15:06:15.017,1.58426,1.58457,1.13,2.10
2012.10.18 15:06:15.077,1.58422,1.58457,2.59,2.10
2012.10.18 15:06:16.447,1.58422,1.58458,2.25,1.73
2012.10.18 15:06:16.567,1.58426,1.58459,1.50,1.73
2012.10.18 15:06:19.057,1.58426,1.58458,1.50,1.50
2012.10.18 15:06:19.207,1.58426,1.58459,1.50,1.73
2012.10.18 15:06:19.747,1.58434,1.58464,1.50,1.35
2012.10.18 15:06:19.807,1.58434,1.58468,1.50,1.73
2012.10.18 15:06:19.927,1.58432,1.58464,1.88,1.50
2012.10.18 15:06:20.168,1.58432,1.58461,1.13,1.73
2012.10.18 15:06:38.668,1.58432,1.58464,1.09,1.73
2012.10.18 15:06:38.731,1.58432,1.58464,1.09,1.35
2012.10.18 15:06:38.847,1.58432,1.58465,1.09,1.73
2012.10.18 15:06:41.908,1.58432,1.58465,1.09,1.73
2012.10.18 15:06:46.078,1.58426,1.58462,1.84,1.73
2012.10.18 15:06:46.338,1.58426,1.58462,1.84,1.73
2012.10.18 15:06:48.347,1.58425,1.58458,1.50,1.50
2012.10.18 15:06:48.407,1.58425,1.58453,1.50,1.50
2012.10.18 15:06:48.707,1.58422,1.58451,1.50,1.73
2012.10.18 15:06:48.767,1.58415,1.58451,1.50,1.73
2012.10.18 15:06:51.138,1.58415,1.58453,1.88,2.10
2012.10.18 15:06:51.258,1.58419,1.58453,1.50,2.48
2012.10.18 15:06:51.317,1.58419,1.58453,1.50,2.25
2012.10.18 15:06:51.438,1.58424,1.58453,1.50,1.13
2012.10.18 15:06:51.497,1.58424,1.58458,1.50,1.50
2012.10.18 15:06:52.037,1.58424,1.58459,1.50,1.73
2012.10.18 15:06:54.767,1.58424,1.58459,1.50,1.73
2012.10.18 15:06:56.327,1.58424,1.58459,1.50,1.73
2012.10.18 15:06:56.927,1.58431,1.5846,1.84,1.35
2012.10.18 15:06:57.049,1.58434,1.58464,1.09,1.50
2012.10.18 15:06:57.815,1.58434,1.58465,1.09,1.50
2012.10.18 15:07:01.948,1.58431,1.5846,1.50,1.50
2012.10.18 15:07:02.508,1.58429,1.5846,1.84,1.50
2012.10.18 15:07:04.199,1.5843,1.58463,1.09,1.73
2012.10.18 15:07:04.538,1.5843,1.5846,1.09,1.50
2012.10.18 15:07:10.737,1.5843,1.58463,1.09,1.73
2012.10.18 15:07:11.108,1.5843,1.58459,1.09,1.50
2012.10.18 15:07:11.457,1.5843,1.58463,1.09,1.73
2012.10.18 15:07:11.840,1.5843,1.58459,1.09,1.50
2012.10.18 15:07:11.902,1.58433,1.58462,2.59,1.73
2012.10.18 15:07:12.398,1.58438,1.58471,1.09,1.35
2012.10.18 15:07:12.457,1.58438,1.58468,1.09,1.13
2012.10.18 15:07:12.697,1.58437,1.58463,1.09,1.13
2012.10.18 15:07:12.758,1.58438,1.58469,1.09,1.13
2012.10.18 15:07:17.207,1.58438,1.58471,1.09,1.73
2012.10.18 15:07:18.953,1.58438,1.58466,1.84,1.50
2012.10.18 15:07:22.897,1.58438,1.58466,1.84,1.50
2012.10.18 15:07:30.788,1.58448,1.58466,1.50,1.50
2012.10.18 15:07:30.908,1.58448,1.58466,1.50,1.50
2012.10.18 15:07:31.087,1.58447,1.58466,1.50,1.50
2012.10.18 15:07:31.688,1.58447,1.5847,1.50,2.25
2012.10.18 15:07:32.218,1.58444,1.5847,1.50,2.25
2012.10.18 15:07:32.888,1.58448,1.58473,1.50,1.50
2012.10.18 15:07:41.159,1.58444,1.58469,1.13,1.50
2012.10.18 15:07:41.278,1.58441,1.58465,1.35,1.50
2012.10.18 15:07:41.795,1.58437,1.58465,1.73,1.50
2012.10.18 15:07:42.161,1.58437,1.58465,1.50,1.50
2012.10.18 15:07:42.218,1.58443,1.58464,1.50,1.50
2012.10.18 15:07:47.177,1.58442,1.58467,1.50,1.50
2012.10.18 15:07:48.921,1.58439,1.58467,1.13,2.48
2012.10.18 15:07:49.037,1.58434,1.58467,1.50,2.48
2012.10.18 15:07:54.419,1.58438,1.5847,1.09,2.10
2012.10.18 15:07:54.538,1.58438,1.5847,2.07,1.88
2012.10.18 15:07:54.717,1.58451,1.58478,1.50,1.50
2012.10.18 15:07:57.480,1.58451,1.58481,1.50,1.73
2012.10.18 15:08:00.320,1.58448,1.58478,1.13,1.32
2012.10.18 15:08:00.678,1.58442,1.58471,1.13,1.35
2012.10.18 15:08:00.857,1.58442,1.58471,1.50,1.35
2012.10.18 15:08:02.498,1.58436,1.58474,1.50,1.73
2012.10.18 15:08:02.899,1.58437,1.58468,1.13,1.50
2012.10.18 15:08:03.590,1.58438,1.58473,1.50,2.55
2012.10.18 15:08:07.290,1.58438,1.58473,1.13,1.73
2012.10.18 15:08:09.618,1.58438,1.58473,1.13,1.73
2012.10.18 15:08:09.679,1.58437,1.58468,1.13,1.50
2012.10.18 15:08:10.193,1.58435,1.58472,1.50,1.73
2012.10.18 15:08:10.318,1.58435,1.58472,1.50,1.50
2012.10.18 15:08:10.977,1.58435,1.5847,1.50,1.50
2012.10.18 15:08:11.488,1.58437,1.58469,1.13,1.73
2012.10.18 15:08:17.388,1.58434,1.58471,1.09,1.35
2012.10.18 15:08:17.507,1.58435,1.58471,1.73,1.13
2012.10.18 15:08:17.879,1.58435,1.58472,1.50,1.35
2012.10.18 15:08:17.938,1.58435,1.58471,1.50,1.73
2012.10.18 15:08:18.029,1.58435,1.58471,1.50,1.73
2012.10.18 15:08:18.622,1.58438,1.5847,1.13,1.73
2012.10.18 15:08:26.198,1.58437,1.5847,1.50,1.73
2012.10.18 15:08:26.558,1.58438,1.5847,1.13,1.73
2012.10.18 15:08:30.808,1.58432,1.58468,1.50,1.73
2012.10.18 15:08:31.738,1.58433,1.58464,1.13,1.73
2012.10.18 15:08:33.295,1.58429,1.58464,1.13,1.73
2012.10.18 15:08:33.418,1.58429,1.58464,1.13,1.73
2012.10.18 15:08:33.925,1.58428,1.58459,1.50,2.25
2012.10.18 15:08:34.373,1.58426,1.58459,1.50,2.25
2012.10.18 15:08:34.501,1.58429,1.58459,1.13,2.25
2012.10.18 15:08:34.558,1.58429,1.58459,1.13,1.50
2012.10.18 15:08:34.899,1.58428,1.58463,1.50,1.50
2012.10.18 15:08:39.623,1.58428,1.58458,1.50,1.32
2012.10.18 15:08:40.639,1.58426,1.58455,1.13,1.13
2012.10.18 15:08:40.876,1.58419,1.58449,1.73,1.50
2012.10.18 15:08:42.427,1.58421,1.5845,1.73,1.50
2012.10.18 15:08:43.307,1.58422,1.58454,1.50,1.50
2012.10.18 15:08:45.139,1.58422,1.58458,1.13,1.73
2012.10.18 15:08:45.269,1.58422,1.58454,1.13,1.50
2012.10.18 15:08:45.388,1.58422,1.58458,1.13,1.73
2012.10.18 15:08:45.568,1.58422,1.58453,1.13,1.50
2012.10.18 15:08:45.778,1.58422,1.58459,1.13,1.73
2012.10.18 15:08:46.037,1.58422,1.58453,1.13,1.50
2012.10.18 15:08:50.184,1.58424,1.58455,1.13,1.50
2012.10.18 15:08:50.698,1.58427,1.58454,1.50,1.50
2012.10.18 15:08:50.829,1.58427,1.58454,1.50,1.50
2012.10.18 15:08:50.947,1.58431,1.58461,1.50,1.35
2012.10.18 15:08:51.128,1.58434,1.58461,1.32,1.13
2012.10.18 15:08:51.777,1.58436,1.58464,1.13,2.58
2012.10.18 15:08:52.018,1.58436,1.5846,1.13,1.13
2012.10.18 15:08:52.600,1.58436,1.58464,1.50,1.50
2012.10.18 15:08:52.989,1.58436,1.58464,1.50,1.50
2012.10.18 15:08:53.554,1.58432,1.58464,1.50,1.50
2012.10.18 15:08:58.928,1.58437,1.58466,1.61,1.50
2012.10.18 15:08:59.678,1.58433,1.58463,1.88,1.73
2012.10.18 15:08:59.737,1.58433,1.58464,2.63,1.73
2012.10.18 15:08:59.798,1.58433,1.58464,2.63,1.50
2012.10.18 15:09:00.188,1.58434,1.58471,1.13,1.35
2012.10.18 15:09:00.308,1.58441,1.58474,1.50,1.50
2012.10.18 15:09:01.318,1.58441,1.58474,1.13,1.50
2012.10.18 15:09:01.678,1.58436,1.58467,1.50,1.50
2012.10.18 15:09:02.177,1.58433,1.58468,1.13,1.73
2012.10.18 15:09:03.201,1.58433,1.58464,1.13,1.09
2012.10.18 15:09:03.562,1.58433,1.58451,1.13,1.13
2012.10.18 15:09:04.167,1.58433,1.58455,1.13,1.13
2012.10.18 15:09:04.347,1.58422,1.58452,1.22,1.35
2012.10.18 15:09:04.468,1.58415,1.58452,1.73,1.88
2012.10.18 15:09:04.648,1.58415,1.58452,1.73,3.27
2012.10.18 15:09:04.768,1.58415,1.58451,1.73,1.50
2012.10.18 15:09:04.887,1.58415,1.58451,1.50,1.73
2012.10.18 15:09:05.408,1.58414,1.58451,1.13,3.23
2012.10.18 15:09:09.847,1.58414,1.58448,1.13,1.50
2012.10.18 15:09:10.458,1.58414,1.58444,1.50,1.50
2012.10.18 15:09:11.768,1.58408,1.58444,1.50,1.50
2012.10.18 15:09:20.021,1.58409,1.58442,2.63,1.50
2012.10.18 15:09:23.917,1.58409,1.58442,3.00,2.25
2012.10.18 15:09:24.309,1.58408,1.58438,1.50,1.50
2012.10.18 15:09:24.937,1.58406,1.58435,1.50,1.50
2012.10.18 15:09:25.128,1.58409,1.58439,1.13,1.50
2012.10.18 15:09:25.429,1.58407,1.58435,1.50,1.50
2012.10.18 15:09:25.990,1.58407,1.58435,1.13,1.50
2012.10.18 15:09:26.981,1.58401,1.58435,1.47,1.50
2012.10.18 15:09:28.690,1.58408,1.58439,1.13,1.35
2012.10.18 15:09:28.807,1.58417,1.58447,1.13,2.37
2012.10.18 15:09:28.867,1.58411,1.58437,1.35,1.50
2012.10.18 15:09:29.426,1.58401,1.58438,1.13,1.73
2012.10.18 15:09:30.198,1.58401,1.5844,2.22,1.35
2012.10.18 15:09:30.378,1.58409,1.58443,1.13,3.00
2012.10.18 15:09:31.939,1.58408,1.58443,1.73,2.25
2012.10.18 15:09:32.117,1.58408,1.58443,1.73,1.50
2012.10.18 15:09:33.841,1.58409,1.58442,1.13,1.84
2012.10.18 15:09:33.898,1.58406,1.58437,1.73,1.09
2012.10.18 15:09:34.448,1.58403,1.5844,1.35,1.50
2012.10.18 15:09:34.568,1.58399,1.58431,1.50,1.50
2012.10.18 15:09:35.991,1.58403,1.58439,1.35,1.50
2012.10.18 15:09:36.878,1.58402,1.58431,1.73,1.50
2012.10.18 15:09:37.632,1.58399,1.58434,1.50,1.35
2012.10.18 15:09:38.656,1.58403,1.5843,1.73,1.50
2012.10.18 15:09:38.837,1.584,1.58431,1.50,1.73
2012.10.18 15:09:40.578,1.58397,1.58429,2.25,1.50
2012.10.18 15:09:40.760,1.58401,1.58434,1.50,1.88
2012.10.18 15:09:42.184,1.58403,1.58434,1.50,1.13
2012.10.18 15:09:42.853,1.58406,1.58437,1.50,1.35
2012.10.18 15:09:43.049,1.58405,1.58438,1.50,1.50
2012.10.18 15:09:47.428,1.58404,1.58442,1.88,1.35
2012.10.18 15:09:47.973,1.58412,1.58443,1.13,1.50
2012.10.18 15:09:48.281,1.58412,1.58448,1.13,1.73
2012.10.18 15:09:48.628,1.58412,1.58443,1.13,1.50
2012.10.18 15:09:52.008,1.58411,1.58443,1.35,1.50
2012.10.18 15:09:52.067,1.58411,1.58441,1.35,1.50
2012.10.18 15:09:57.537,1.58403,1.58438,2.48,1.50
2012.10.18 15:10:00.691,1.58403,1.5844,1.73,1.73
2012.10.18 15:10:00.871,1.58403,1.58441,1.73,1.73
2012.10.18 15:10:01.408,1.58404,1.5844,2.48,1.50
2012.10.18 15:10:01.929,1.58405,1.58441,1.13,1.73
2012.10.18 15:10:02.048,1.58405,1.58441,1.73,1.73
2012.10.18 15:10:02.449,1.58406,1.58439,1.50,1.73
2012.10.18 15:10:02.509,1.58406,1.58438,1.50,1.73
2012.10.18 15:10:04.869,1.58403,1.58439,1.50,2.48
2012.10.18 15:10:04.989,1.58403,1.58439,1.73,2.63
2012.10.18 15:10:05.576,1.58406,1.58439,1.50,1.50
2012.10.18 15:10:05.878,1.58406,1.58438,1.13,2.25
2012.10.18 15:10:06.178,1.58402,1.58435,1.13,3.23
2012.10.18 15:10:06.298,1.58397,1.58435,2.25,3.23
2012.10.18 15:10:06.428,1.58397,1.58435,2.25,3.23
2012.10.18 15:10:07.108,1.58397,1.58435,2.25,3.23
2012.10.18 15:10:09.030,1.58398,1.58435,1.13,3.23
2012.10.18 15:10:12.299,1.58402,1.58435,2.25,1.73
2012.10.18 15:10:12.481,1.58403,1.58434,3.38,1.73
2012.10.18 15:10:12.990,1.58403,1.58439,3.75,3.23
2012.10.18 15:10:13.605,1.58403,1.58439,1.50,1.73
2012.10.18 15:10:13.729,1.58406,1.58439,1.13,1.73
2012.10.18 15:10:14.596,1.58399,1.58437,1.50,1.73
2012.10.18 15:10:16.668,1.584,1.58434,1.13,1.50
2012.10.18 15:10:16.908,1.584,1.58431,1.13,1.50
2012.10.18 15:10:17.229,1.58396,1.58431,1.88,1.73
2012.10.18 15:10:17.348,1.58396,1.58431,1.13,1.73
2012.10.18 15:10:18.918,1.58391,1.58424,1.13,1.50
2012.10.18 15:10:18.978,1.58391,1.58421,1.13,1.50
2012.10.18 15:10:20.198,1.58388,1.58423,1.73,1.88
2012.10.18 15:10:20.557,1.58394,1.58423,1.73,1.13
2012.10.18 15:10:20.679,1.58391,1.58423,1.73,1.13
2012.10.18 15:10:20.739,1.58391,1.58423,1.50,1.13
2012.10.18 15:10:20.978,1.58393,1.58423,1.73,1.13
2012.10.18 15:10:21.389,1.584,1.58433,1.13,1.50
2012.10.18 15:10:22.519,1.584,1.58429,1.13,1.50
2012.10.18 15:10:22.745,1.584,1.58433,1.13,1.50
2012.10.18 15:10:22.909,1.58397,1.58429,1.73,1.50
2012.10.18 15:10:23.208,1.58392,1.58428,1.73,2.25
2012.10.18 15:10:28.409,1.58392,1.58429,1.50,1.73
2012.10.18 15:10:28.619,1.58392,1.58425,1.50,1.50
2012.10.18 15:10:46.659,1.5839,1.58427,2.25,1.84
2012.10.18 15:10:46.779,1.5839,1.58415,2.25,1.50
2012.10.18 15:10:46.840,1.5839,1.58414,2.25,1.50
2012.10.18 15:10:47.246,1.58381,1.58415,2.06,1.88
2012.10.18 15:10:47.308,1.58377,1.58413,1.13,1.73
2012.10.18 15:10:49.198,1.58381,1.58413,1.50,2.48
2012.10.18 15:10:49.498,1.58384,1.58412,1.13,1.73
2012.10.18 15:10:49.558,1.58385,1.58414,1.50,1.73
2012.10.18 15:10:49.618,1.58385,1.58416,1.50,1.35
2012.10.18 15:10:50.260,1.58384,1.58418,1.13,1.50
2012.10.18 15:10:50.318,1.5838,1.58415,1.73,1.13
2012.10.18 15:10:50.818,1.58386,1.58415,1.50,1.13
2012.10.18 15:10:51.658,1.58388,1.58418,3.75,1.73
2012.10.18 15:10:52.217,1.58388,1.5842,3.00,1.88
2012.10.18 15:10:55.029,1.58388,1.58424,3.00,1.73
2012.10.18 15:10:58.728,1.58392,1.58424,1.13,1.73
2012.10.18 15:10:58.868,1.58392,1.58426,1.50,2.25
2012.10.18 15:11:02.138,1.58392,1.58426,1.50,2.25
2012.10.18 15:11:02.438,1.58392,1.58425,1.13,1.50
2012.10.18 15:11:04.479,1.58392,1.58426,1.84,1.50
2012.10.18 15:11:05.347,1.584,1.58426,1.13,1.50
2012.10.18 15:11:05.599,1.58397,1.58425,1.50,1.73
2012.10.18 15:11:05.758,1.5839,1.58425,1.13,2.48
2012.10.18 15:11:06.908,1.5839,1.58425,1.13,1.73
2012.10.18 15:11:07.431,1.58395,1.58425,1.13,1.50
2012.10.18 15:11:07.690,1.58395,1.58424,1.13,1.50
2012.10.18 15:11:08.737,1.5839,1.58425,1.13,1.50
2012.10.18 15:11:08.859,1.5839,1.58424,1.13,1.50
2012.10.18 15:11:10.053,1.5839,1.58424,1.50,1.50
2012.10.18 15:11:10.180,1.5839,1.58426,1.50,1.73
2012.10.18 15:11:10.649,1.58394,1.58426,1.47,1.50
2012.10.18 15:11:10.771,1.58394,1.58427,1.47,1.50
2012.10.18 15:11:10.829,1.58394,1.58426,1.47,1.50
2012.10.18 15:11:11.854,1.58394,1.58427,1.09,2.25
2012.10.18 15:11:12.037,1.58388,1.58427,1.73,1.50
2012.10.18 15:11:12.711,1.58388,1.58427,2.10,2.25
2012.10.18 15:11:12.789,1.58388,1.58429,4.85,1.50
2012.10.18 15:11:13.038,1.58394,1.58426,1.88,1.50
2012.10.18 15:11:13.158,1.58394,1.58423,1.88,1.73
2012.10.18 15:11:13.338,1.58388,1.58419,1.50,1.50
2012.10.18 15:11:13.458,1.584,1.58426,1.13,1.88
2012.10.18 15:11:13.578,1.584,1.58426,1.50,1.50
2012.10.18 15:11:13.638,1.58396,1.58425,1.73,1.50
2012.10.18 15:11:13.758,1.58392,1.58425,1.13,1.50
2012.10.18 15:11:16.681,1.58392,1.58425,1.88,1.50
2012.10.18 15:11:16.798,1.58397,1.58427,2.25,1.50
2012.10.18 15:11:17.067,1.58397,1.58429,2.25,2.10
2012.10.18 15:11:17.797,1.58397,1.58429,1.50,1.88
2012.10.18 15:11:24.548,1.58396,1.58429,3.75,1.50
2012.10.18 15:11:24.909,1.58403,1.58432,1.50,1.73
2012.10.18 15:11:25.029,1.58405,1.58434,1.13,1.35
2012.10.18 15:11:25.209,1.58406,1.58434,1.13,1.35
2012.10.18 15:11:25.271,1.58406,1.58434,1.13,1.13
2012.10.18 15:11:25.389,1.58406,1.58434,1.13,1.35
2012.10.18 15:11:26.088,1.58398,1.58433,2.25,1.73
2012.10.18 15:11:26.437,1.58398,1.58433,1.13,1.73
2012.10.18 15:11:26.769,1.58398,1.58433,1.50,1.73
2012.10.18 15:11:27.618,1.58401,1.58433,1.13,1.73
2012.10.18 15:11:27.828,1.584,1.58433,1.88,1.73
2012.10.18 15:11:30.408,1.58399,1.58436,1.88,1.73
2012.10.18 15:11:30.528,1.58406,1.58439,1.13,1.50
2012.10.18 15:11:37.346,1.58405,1.58442,3.75,2.48
2012.10.18 15:11:37.659,1.58405,1.58439,3.75,1.73
2012.10.18 15:11:37.781,1.58405,1.58439,1.50,1.73
2012.10.18 15:11:37.838,1.58406,1.58438,1.13,1.73
2012.10.18 15:11:38.348,1.58406,1.58441,1.50,2.25
2012.10.18 15:11:39.142,1.58406,1.58438,1.13,1.50
2012.10.18 15:11:39.210,1.58406,1.58437,1.13,1.50
2012.10.18 15:11:39.329,1.58407,1.58437,1.50,1.73
2012.10.18 15:11:39.670,1.58409,1.58438,1.50,1.50
2012.10.18 15:11:40.208,1.58406,1.5844,1.13,1.50
2012.10.18 15:11:42.638,1.58409,1.58443,3.38,1.73
2012.10.18 15:11:42.819,1.58413,1.58447,1.13,1.50
2012.10.18 15:11:43.298,1.58418,1.58449,1.50,1.50
2012.10.18 15:11:43.844,1.58414,1.58448,1.50,1.50
2012.10.18 15:11:45.358,1.58414,1.58447,1.13,1.50
2012.10.18 15:11:45.539,1.58414,1.58453,1.13,2.10
2012.10.18 15:11:45.718,1.58414,1.58449,1.35,1.50
2012.10.18 15:11:46.129,1.58414,1.58451,1.13,1.73
2012.10.18 15:11:46.265,1.58422,1.58454,1.13,1.50
2012.10.18 15:11:48.976,1.58422,1.58452,1.13,1.50
2012.10.18 15:11:49.160,1.58414,1.58452,1.35,1.88
2012.10.18 15:11:49.518,1.58421,1.58454,1.50,1.50
2012.10.18 15:11:55.651,1.58421,1.58459,1.50,1.73
2012.10.18 15:11:56.623,1.58421,1.58454,1.50,1.50
2012.10.18 15:11:58.629,1.58422,1.58454,1.13,1.50
2012.10.18 15:11:58.988,1.5841,1.58442,1.36,1.50
2012.10.18 15:11:59.277,1.58409,1.58442,3.23,1.50
2012.10.18 15:12:00.359,1.58412,1.58443,1.50,1.73
2012.10.18 15:12:00.844,1.58406,1.58444,1.35,1.13
2012.10.18 15:12:00.968,1.58406,1.58444,1.35,1.88
2012.10.18 15:12:01.148,1.58415,1.58447,1.13,1.69
2012.10.18 15:12:01.337,1.58415,1.58449,1.50,1.50
2012.10.18 15:12:02.550,1.58415,1.58451,1.50,1.32
2012.10.18 15:12:02.748,1.58415,1.58449,1.50,1.50
2012.10.18 15:12:02.868,1.58416,1.58451,1.13,1.32
2012.10.18 15:12:05.158,1.58416,1.58448,1.35,1.50
2012.10.18 15:12:07.288,1.58416,1.58448,1.13,1.50
2012.10.18 15:12:19.139,1.58415,1.58445,1.50,1.50
2012.10.18 15:12:19.198,1.58415,1.58444,1.50,1.50
2012.10.18 15:12:19.571,1.58411,1.5844,1.50,1.50
2012.10.18 15:12:19.748,1.58405,1.5844,2.48,1.50
2012.10.18 15:12:22.739,1.58408,1.58443,1.50,1.73
2012.10.18 15:12:22.798,1.58413,1.58448,1.35,2.25
2012.10.18 15:12:22.858,1.58413,1.58448,1.73,1.50
2012.10.18 15:12:23.098,1.58414,1.58448,1.13,1.50
2012.10.18 15:12:23.158,1.58411,1.58443,1.35,1.50
2012.10.18 15:12:23.399,1.58413,1.58443,1.13,1.73
2012.10.18 15:12:23.518,1.58414,1.58448,1.13,1.50
2012.10.18 15:12:23.639,1.58414,1.58446,1.50,1.73
2012.10.18 15:12:23.699,1.58414,1.58444,1.50,1.50
2012.10.18 15:12:28.908,1.58418,1.58447,1.50,1.35
2012.10.18 15:12:29.048,1.58418,1.58447,3.75,1.50
2012.10.18 15:12:29.228,1.58418,1.58451,3.00,1.73
2012.10.18 15:12:29.288,1.58419,1.58454,1.13,1.73
2012.10.18 15:12:33.101,1.58419,1.58451,1.50,1.50
2012.10.18 15:12:33.222,1.58419,1.58455,1.50,1.73
2012.10.18 15:12:33.359,1.58419,1.58453,1.50,1.50
2012.10.18 15:12:33.419,1.58419,1.58453,1.13,1.50
2012.10.18 15:12:33.802,1.58412,1.58443,1.13,1.50
2012.10.18 15:12:33.918,1.58417,1.58443,1.13,1.50
2012.10.18 15:12:34.308,1.58411,1.58443,1.50,1.50
2012.10.18 15:12:35.368,1.58411,1.58447,1.13,1.73
2012.10.18 15:12:35.488,1.58414,1.58448,1.35,1.50
2012.10.18 15:12:36.073,1.58419,1.58454,1.13,1.50
2012.10.18 15:12:37.099,1.58419,1.58454,1.50,1.50
2012.10.18 15:12:37.858,1.58419,1.5845,1.50,1.50
2012.10.18 15:12:37.978,1.58417,1.58448,1.35,1.50
2012.10.18 15:12:38.159,1.58414,1.58449,2.10,1.50
2012.10.18 15:12:43.600,1.58413,1.58444,1.73,1.50
2012.10.18 15:12:44.004,1.58413,1.58448,1.50,1.50
2012.10.18 15:12:44.068,1.58413,1.58445,1.50,1.50
2012.10.18 15:12:44.188,1.58414,1.58448,1.13,1.50
2012.10.18 15:12:44.640,1.58414,1.58445,1.13,1.50
2012.10.18 15:12:45.760,1.58409,1.58443,3.75,1.50
2012.10.18 15:12:54.541,1.58409,1.58443,1.88,1.50
2012.10.18 15:13:04.549,1.58409,1.58444,1.88,1.73
2012.10.18 15:13:04.668,1.58409,1.58444,1.88,1.73
2012.10.18 15:13:05.738,1.58414,1.58447,1.13,1.35
2012.10.18 15:13:05.798,1.58414,1.58447,1.13,1.13
2012.10.18 15:13:09.471,1.58414,1.58447,1.50,1.50
2012.10.18 15:13:09.588,1.58414,1.58451,1.88,1.73
2012.10.18 15:13:09.831,1.58418,1.58451,1.73,1.50
2012.10.18 15:13:10.130,1.58422,1.58453,1.35,1.50
2012.10.18 15:13:10.189,1.58422,1.58448,1.35,1.50
2012.10.18 15:13:10.938,1.58416,1.58449,1.13,1.50
2012.10.18 15:13:11.430,1.58415,1.58453,1.50,2.48
2012.10.18 15:13:11.930,1.58415,1.58449,1.50,1.50
2012.10.18 15:13:13.553,1.58416,1.58453,1.13,1.73
2012.10.18 15:13:14.378,1.58416,1.58449,1.13,1.50
2012.10.18 15:13:14.868,1.58416,1.58449,1.13,1.50
2012.10.18 15:13:16.670,1.58416,1.58447,1.13,1.73
2012.10.18 15:13:19.229,1.58416,1.58452,1.50,1.73
2012.10.18 15:13:19.539,1.58416,1.58448,1.13,1.50
2012.10.18 15:13:20.398,1.58416,1.58444,1.13,1.50
2012.10.18 15:13:24.746,1.58405,1.58443,1.73,1.50
2012.10.18 15:13:29.698,1.58402,1.58435,1.73,1.50
2012.10.18 15:13:29.765,1.58402,1.58432,1.50,1.73
2012.10.18 15:13:29.828,1.58396,1.58431,1.50,1.73
2012.10.18 15:13:29.888,1.58402,1.58432,1.50,1.73
2012.10.18 15:13:30.068,1.58405,1.58442,1.73,1.50
2012.10.18 15:13:30.128,1.58404,1.58442,1.73,1.50
2012.10.18 15:13:37.339,1.58399,1.58439,1.50,1.73
2012.10.18 15:13:37.742,1.58399,1.58439,1.09,1.73
2012.10.18 15:13:38.038,1.5841,1.58439,1.09,2.25
2012.10.18 15:13:38.163,1.58406,1.58439,2.25,1.50
2012.10.18 15:13:39.658,1.58405,1.58439,1.35,2.25
2012.10.18 15:13:39.719,1.58398,1.58434,1.84,1.73
2012.10.18 15:13:43.748,1.58406,1.58434,1.50,1.73
2012.10.18 15:13:44.049,1.58412,1.58445,1.50,1.73
2012.10.18 15:13:47.180,1.58412,1.58446,2.25,1.13
2012.10.18 15:13:47.538,1.58412,1.58441,3.00,1.73
2012.10.18 15:13:47.599,1.58412,1.58441,2.25,1.73
2012.10.18 15:13:47.658,1.58412,1.58444,3.00,2.10
2012.10.18 15:13:48.018,1.58412,1.58444,2.63,1.50
2012.10.18 15:13:49.798,1.58413,1.58444,1.13,1.50
2012.10.18 15:13:50.138,1.58413,1.58448,1.13,1.50
2012.10.18 15:13:51.188,1.58412,1.58442,1.50,1.73
2012.10.18 15:13:51.728,1.58404,1.58438,1.50,1.50
2012.10.18 15:13:52.148,1.58404,1.58434,1.50,1.50
2012.10.18 15:13:52.688,1.58405,1.58437,1.13,1.50
2012.10.18 15:13:54.152,1.58401,1.58438,1.32,2.63
2012.10.18 15:13:54.209,1.58401,1.58438,1.32,2.25
2012.10.18 15:13:55.829,1.58404,1.58438,1.50,1.50
2012.10.18 15:13:55.949,1.58404,1.58434,1.50,1.50
2012.10.18 15:13:56.128,1.58402,1.58431,1.35,1.50
2012.10.18 15:13:56.428,1.58397,1.58431,3.00,1.50
2012.10.18 15:14:03.539,1.58397,1.58434,1.13,1.73
2012.10.18 15:14:04.175,1.58398,1.58435,1.73,1.13
2012.10.18 15:14:05.378,1.58398,1.58435,1.73,1.13
2012.10.18 15:14:06.098,1.58393,1.58428,1.50,1.50
2012.10.18 15:14:10.700,1.58396,1.58431,1.50,1.35
2012.10.18 15:14:10.818,1.58402,1.58434,1.13,1.13
2012.10.18 15:14:10.879,1.58402,1.58436,1.13,1.88
2012.10.18 15:14:10.998,1.58401,1.58431,1.13,1.35
2012.10.18 15:14:11.240,1.58394,1.58429,1.50,1.73
2012.10.18 15:14:11.419,1.58394,1.58429,1.73,1.50
2012.10.18 15:14:11.608,1.58394,1.58426,1.35,1.50
2012.10.18 15:14:15.408,1.58391,1.58422,1.50,1.50
2012.10.18 15:14:15.919,1.58391,1.58425,1.50,1.73
2012.10.18 15:14:22.189,1.58388,1.58425,1.73,2.25
2012.10.18 15:14:22.869,1.58392,1.58425,1.88,1.13
2012.10.18 15:14:23.228,1.58396,1.58425,1.50,1.13
2012.10.18 15:14:23.528,1.584,1.58431,1.35,1.13
2012.10.18 15:14:24.010,1.58401,1.58434,1.13,1.50
2012.10.18 15:14:25.178,1.584,1.58433,1.50,1.73
2012.10.18 15:14:25.238,1.584,1.58433,1.13,1.73
2012.10.18 15:14:26.039,1.58397,1.58428,1.13,1.50
2012.10.18 15:14:26.280,1.58392,1.5842,1.13,1.73
2012.10.18 15:14:26.459,1.58387,1.5842,2.12,1.73
2012.10.18 15:14:26.521,1.58384,1.5842,1.50,1.73
2012.10.18 15:14:26.583,1.58384,1.58419,1.50,1.73
2012.10.18 15:14:28.388,1.58384,1.58419,1.50,1.73
2012.10.18 15:14:29.939,1.58385,1.58422,1.50,1.73
2012.10.18 15:14:30.058,1.58388,1.58422,1.13,1.35
2012.10.18 15:14:30.928,1.58388,1.58426,1.13,1.35
2012.10.18 15:14:31.049,1.5839,1.58426,1.50,1.13
2012.10.18 15:14:31.110,1.58391,1.5843,1.50,1.32
2012.10.18 15:14:31.350,1.5839,1.58429,1.73,2.25
2012.10.18 15:14:31.888,1.58398,1.58429,1.13,1.88
2012.10.18 15:14:31.949,1.58398,1.58429,1.13,1.50
2012.10.18 15:14:32.008,1.58397,1.58429,1.50,1.50
2012.10.18 15:14:37.040,1.58393,1.58429,1.50,1.73
2012.10.18 15:14:45.679,1.58392,1.58424,1.50,1.50
2012.10.18 15:14:46.988,1.58392,1.58424,1.50,1.73
2012.10.18 15:14:49.738,1.58393,1.58428,1.13,1.73
2012.10.18 15:14:50.410,1.58393,1.58423,1.13,1.50
2012.10.18 15:14:50.528,1.58393,1.58423,1.50,1.50
2012.10.18 15:14:50.829,1.58393,1.58424,1.50,1.50
2012.10.18 15:14:50.889,1.58393,1.58428,1.50,1.73
2012.10.18 15:14:51.099,1.58393,1.58423,1.13,1.50
2012.10.18 15:14:51.398,1.58389,1.58423,1.13,1.73
2012.10.18 15:14:51.920,1.58389,1.58423,1.88,1.50
2012.10.18 15:14:54.459,1.58389,1.58423,1.09,1.50
2012.10.18 15:14:54.519,1.58391,1.58423,1.50,1.50
2012.10.18 15:14:55.246,1.58392,1.58419,1.13,1.50
2012.10.18 15:14:59.148,1.58385,1.58416,1.13,1.13
2012.10.18 15:14:59.209,1.58382,1.58414,2.48,1.50
2012.10.18 15:14:59.339,1.58378,1.5841,1.13,1.50
2012.10.18 15:15:00.848,1.58377,1.58409,1.50,1.50
2012.10.18 15:15:02.587,1.58377,1.58409,1.50,1.50
2012.10.18 15:15:04.188,1.58385,1.58416,1.13,1.35
2012.10.18 15:15:04.824,1.58385,1.58416,1.13,1.35
2012.10.18 15:15:04.894,1.58385,1.58417,1.50,1.13
2012.10.18 15:15:07.100,1.58385,1.58418,1.50,1.13
2012.10.18 15:15:10.749,1.58385,1.58418,1.50,1.13
2012.10.18 15:15:10.870,1.58385,1.58419,1.13,1.73
2012.10.18 15:15:10.988,1.58389,1.58423,1.13,1.13
2012.10.18 15:15:12.369,1.5839,1.58423,1.13,1.13
2012.10.18 15:15:12.549,1.58397,1.58432,1.50,2.40
2012.10.18 15:15:12.608,1.58397,1.58429,1.50,2.48
2012.10.18 15:15:12.728,1.5839,1.58419,3.75,1.73
2012.10.18 15:15:12.848,1.58389,1.5842,1.13,1.35
2012.10.18 15:15:12.910,1.58391,1.58421,1.50,1.73
2012.10.18 15:15:12.968,1.58391,1.58421,1.50,1.50
2012.10.18 15:15:13.511,1.58391,1.58424,2.25,1.73
2012.10.18 15:15:14.378,1.5839,1.58424,1.50,2.10
2012.10.18 15:15:15.189,1.5839,1.58424,1.13,2.10
2012.10.18 15:15:15.729,1.5839,1.58424,1.50,2.10
2012.10.18 15:15:17.418,1.5839,1.58424,1.50,1.73
2012.10.18 15:15:18.501,1.5839,1.58424,1.50,1.73
2012.10.18 15:15:19.629,1.5839,1.58424,1.88,1.73
2012.10.18 15:15:19.748,1.58391,1.58424,1.50,1.73
2012.10.18 15:15:20.168,1.5839,1.58424,1.50,1.73
2012.10.18 15:15:20.228,1.5839,1.5842,1.13,1.50
2012.10.18 15:15:20.469,1.58391,1.58425,1.13,1.35
2012.10.18 15:15:20.528,1.58391,1.58425,1.13,1.13
2012.10.18 15:15:21.188,1.58392,1.58423,1.50,1.50
2012.10.18 15:15:21.248,1.58395,1.58424,1.13,1.50
2012.10.18 15:15:21.668,1.58395,1.58424,1.13,1.50
2012.10.18 15:15:22.028,1.58395,1.58429,1.13,1.73
2012.10.18 15:15:22.210,1.58395,1.58424,1.13,1.50
2012.10.18 15:15:26.713,1.58395,1.58433,1.13,1.35
2012.10.18 15:15:27.023,1.58392,1.58418,1.50,1.50
2012.10.18 15:15:27.258,1.58386,1.58418,1.50,1.50
2012.10.18 15:15:27.829,1.58387,1.58418,1.13,1.50
2012.10.18 15:15:28.129,1.58392,1.58418,1.13,1.50
2012.10.18 15:15:28.549,1.58388,1.5842,1.35,1.50
2012.10.18 15:15:28.654,1.58394,1.58423,1.50,1.50
2012.10.18 15:15:29.928,1.58391,1.5842,1.13,1.50
2012.10.18 15:15:29.988,1.58391,1.58419,1.13,1.50
2012.10.18 15:15:30.048,1.58387,1.58419,1.13,1.50
2012.10.18 15:15:33.124,1.58387,1.58419,1.13,1.50
2012.10.18 15:15:33.588,1.58387,1.5842,2.25,1.73
2012.10.18 15:15:33.708,1.58388,1.58424,1.50,1.73
2012.10.18 15:15:35.159,1.58392,1.58424,1.50,1.50
2012.10.18 15:15:35.399,1.58392,1.58429,1.73,1.50
2012.10.18 15:15:36.131,1.58396,1.58428,1.13,1.50
2012.10.18 15:15:36.188,1.58389,1.5842,1.35,1.50
2012.10.18 15:15:36.249,1.58384,1.5842,2.85,1.88
2012.10.18 15:15:36.788,1.58382,1.58415,1.05,1.73
2012.10.18 15:15:36.968,1.58381,1.58415,1.62,1.73
2012.10.18 15:15:37.410,1.58381,1.58414,1.50,1.73
2012.10.18 15:15:38.119,1.58379,1.58406,1.35,1.50
2012.10.18 15:15:38.358,1.58371,1.58403,1.58,1.35
2012.10.18 15:15:38.659,1.58371,1.58403,2.33,2.10
2012.10.18 15:15:38.839,1.58364,1.58403,1.50,1.73
2012.10.18 15:15:39.408,1.58371,1.58403,1.13,1.50
2012.10.18 15:15:39.768,1.58373,1.58407,1.13,1.73
2012.10.18 15:15:40.805,1.58373,1.58411,1.50,2.48
2012.10.18 15:15:41.109,1.5838,1.58412,1.13,1.13
2012.10.18 15:15:41.408,1.5838,1.58419,1.50,1.73
2012.10.18 15:15:41.588,1.5838,1.58413,1.73,1.50
2012.10.18 15:15:41.898,1.58381,1.58411,1.13,1.50
2012.10.18 15:15:42.159,1.58374,1.58411,1.35,1.50
2012.10.18 15:15:42.458,1.58376,1.58404,1.35,1.50
2012.10.18 15:15:42.638,1.58369,1.58394,1.73,1.13
2012.10.18 15:15:43.128,1.58372,1.58398,1.50,1.73
2012.10.18 15:15:43.248,1.58367,1.58398,1.46,1.73
2012.10.18 15:15:43.388,1.58366,1.58394,1.50,1.13
2012.10.18 15:15:43.511,1.58366,1.58394,1.50,1.88
2012.10.18 15:15:43.690,1.58364,1.58401,1.50,1.73
2012.10.18 15:15:43.748,1.58364,1.58401,1.73,1.50
2012.10.18 15:15:43.988,1.5837,1.58404,1.50,1.50
2012.10.18 15:15:45.168,1.58367,1.58404,1.73,1.50
2012.10.18 15:15:45.352,1.58363,1.58401,1.35,1.88
2012.10.18 15:15:48.148,1.58362,1.58402,1.50,3.23
2012.10.18 15:15:48.268,1.58362,1.58402,1.73,3.00
2012.10.18 15:15:48.838,1.58371,1.58403,1.50,1.50
2012.10.18 15:15:57.189,1.58371,1.58408,1.35,1.50
2012.10.18 15:15:59.869,1.58376,1.58409,1.50,1.50
2012.10.18 15:16:00.191,1.58376,1.58409,1.88,1.50
2012.10.18 15:16:00.312,1.58376,1.58409,1.50,1.50
2012.10.18 15:16:00.440,1.58377,1.58409,1.50,1.73
2012.10.18 15:16:00.619,1.58375,1.58409,1.50,1.73
2012.10.18 15:16:00.770,1.58376,1.58409,1.50,1.73
2012.10.18 15:16:00.829,1.58375,1.58409,2.25,1.73
2012.10.18 15:16:00.949,1.58376,1.58409,1.13,1.73
2012.10.18 15:16:01.528,1.58378,1.58409,1.13,1.73
2012.10.18 15:16:02.640,1.58376,1.58409,2.25,1.73
2012.10.18 15:16:03.019,1.58378,1.58409,1.13,1.73
2012.10.18 15:16:03.488,1.58379,1.58411,1.88,2.48
2012.10.18 15:16:05.779,1.58378,1.58406,2.25,1.50
2012.10.18 15:16:05.842,1.58378,1.58406,2.25,1.50
2012.10.18 15:16:06.382,1.58378,1.58408,2.25,1.73
2012.10.18 15:16:06.450,1.5837,1.58406,2.25,1.13
2012.10.18 15:16:10.958,1.58373,1.58411,1.35,1.13
2012.10.18 15:16:14.759,1.58381,1.58411,1.13,1.50
2012.10.18 15:16:14.860,1.58381,1.58413,1.13,1.50
2012.10.18 15:16:17.069,1.58381,1.58411,1.13,1.50
2012.10.18 15:16:17.691,1.58379,1.58407,2.25,1.73
2012.10.18 15:16:18.600,1.58381,1.58408,1.13,1.35
2012.10.18 15:16:18.899,1.5837,1.58408,1.35,1.88
2012.10.18 15:16:19.189,1.5837,1.58408,1.35,2.63
2012.10.18 15:16:19.501,1.58372,1.58408,1.73,1.88
2012.10.18 15:16:20.030,1.58379,1.58408,1.13,2.85
2012.10.18 15:16:20.870,1.58378,1.58408,1.13,1.35
2012.10.18 15:16:21.708,1.58374,1.5841,1.13,1.73
2012.10.18 15:16:24.571,1.58373,1.58408,1.50,1.73
2012.10.18 15:16:24.868,1.58373,1.58406,1.50,1.50
2012.10.18 15:16:24.988,1.58373,1.58413,1.73,2.25
2012.10.18 15:16:25.341,1.58382,1.58413,1.13,1.88
2012.10.18 15:16:26.219,1.58382,1.58413,1.13,1.50
2012.10.18 15:16:26.398,1.58381,1.58409,1.50,1.50
2012.10.18 15:16:27.075,1.58381,1.58409,1.13,1.73
2012.10.18 15:16:27.140,1.58374,1.58409,1.35,1.50
2012.10.18 15:16:28.949,1.58374,1.58409,1.35,1.50
2012.10.18 15:16:29.129,1.58379,1.58409,1.35,1.50
2012.10.18 15:16:30.313,1.58378,1.58409,1.50,1.50
2012.10.18 15:16:30.368,1.58377,1.58403,1.50,1.50
2012.10.18 15:16:30.549,1.58377,1.58403,1.50,1.50
2012.10.18 15:16:30.909,1.58378,1.58409,1.13,2.63
2012.10.18 15:16:31.269,1.58382,1.58412,1.52,1.13
2012.10.18 15:16:31.328,1.5839,1.58417,1.35,1.88
2012.10.18 15:16:31.448,1.58391,1.58417,1.35,1.88
2012.10.18 15:16:31.508,1.58387,1.58415,1.35,1.50
2012.10.18 15:16:31.938,1.58383,1.58415,1.35,1.50
2012.10.18 15:16:31.998,1.58383,1.58413,1.35,1.50
2012.10.18 15:16:32.358,1.58382,1.58408,1.50,1.50
2012.10.18 15:16:32.659,1.58376,1.58404,2.10,1.50
2012.10.18 15:16:33.520,1.58376,1.58404,1.35,1.50
2012.10.18 15:16:33.648,1.58373,1.58404,1.35,1.50
2012.10.18 15:16:34.383,1.58373,1.58404,1.35,1.50
2012.10.18 15:16:34.438,1.58374,1.58404,1.73,1.50
2012.10.18 15:16:35.069,1.58375,1.58408,1.73,3.23
2012.10.18 15:16:35.369,1.58376,1.58404,1.73,1.50
2012.10.18 15:16:35.896,1.58374,1.58404,1.35,1.50
2012.10.18 15:16:36.749,1.58372,1.58404,1.73,1.50
2012.10.18 15:16:37.108,1.58373,1.58408,1.35,1.50
2012.10.18 15:16:38.219,1.58379,1.58408,1.50,1.50
2012.10.18 15:16:38.398,1.58378,1.58408,2.85,1.50
2012.10.18 15:16:38.459,1.58378,1.58413,2.85,1.50
2012.10.18 15:16:38.938,1.58379,1.58409,2.48,1.50
2012.10.18 15:16:39.298,1.58377,1.58398,1.14,1.50
2012.10.18 15:16:39.358,1.58372,1.58398,1.50,1.50
2012.10.18 15:16:39.419,1.58372,1.58399,1.50,1.50
2012.10.18 15:16:39.482,1.58379,1.58408,1.13,1.50
2012.10.18 15:16:40.393,1.58374,1.58408,1.35,1.50
2012.10.18 15:16:40.748,1.58378,1.58408,1.35,1.50
2012.10.18 15:16:41.219,1.58378,1.58413,1.73,1.50
2012.10.18 15:16:41.399,1.58376,1.58405,3.23,1.50
2012.10.18 15:16:41.518,1.58376,1.58404,2.85,1.50
2012.10.18 15:16:41.578,1.58375,1.58404,1.73,1.50
2012.10.18 15:16:42.938,1.58373,1.58409,2.48,1.88
2012.10.18 15:16:42.999,1.58379,1.58409,1.13,1.13
2012.10.18 15:16:44.798,1.58379,1.58413,1.73,1.50
2012.10.18 15:16:45.038,1.58367,1.58401,3.23,1.50
2012.10.18 15:16:45.161,1.58367,1.58404,3.98,1.73
2012.10.18 15:16:45.398,1.58371,1.58409,1.73,3.00
2012.10.18 15:16:46.178,1.58375,1.58414,1.73,1.50
2012.10.18 15:16:46.358,1.58379,1.58415,1.35,1.50
2012.10.18 15:16:47.399,1.58379,1.58417,1.35,1.13
2012.10.18 15:16:47.461,1.58379,1.58417,1.35,1.13
2012.10.18 15:16:47.520,1.58379,1.58417,1.35,1.88
2012.10.18 15:16:47.612,1.58379,1.58417,1.35,1.88
2012.10.18 15:16:47.899,1.58377,1.58413,1.73,1.50
2012.10.18 15:16:48.130,1.58377,1.58413,1.50,1.73
2012.10.18 15:16:48.386,1.58379,1.58413,1.13,1.73
2012.10.18 15:16:48.628,1.58378,1.58409,1.35,1.13
2012.10.18 15:16:48.989,1.58375,1.58406,1.13,1.50
2012.10.18 15:16:49.169,1.58375,1.58406,1.50,1.50
2012.10.18 15:16:49.288,1.58369,1.58405,1.73,1.50
2012.10.18 15:16:51.176,1.58366,1.58402,1.58,1.13
2012.10.18 15:16:51.239,1.58368,1.58404,1.58,1.50
2012.10.18 15:16:51.358,1.58367,1.58402,1.58,1.13
2012.10.18 15:16:51.420,1.58373,1.58404,1.50,1.50
2012.10.18 15:16:51.542,1.58373,1.58404,1.73,1.50
2012.10.18 15:16:52.112,1.58373,1.58404,2.10,1.13
2012.10.18 15:16:52.520,1.58374,1.58412,1.35,1.13
2012.10.18 15:16:53.028,1.58374,1.58412,1.35,1.13
2012.10.18 15:16:53.148,1.58373,1.58413,2.48,1.50
2012.10.18 15:16:53.678,1.58373,1.58412,2.33,1.50
2012.10.18 15:16:54.479,1.58373,1.58409,1.50,1.50
2012.10.18 15:16:54.658,1.58371,1.58408,1.73,1.50
2012.10.18 15:16:55.639,1.58367,1.58403,1.73,2.25
2012.10.18 15:16:55.938,1.58367,1.58403,1.73,2.25
2012.10.18 15:16:56.408,1.58371,1.58403,1.50,1.13
2012.10.18 15:16:57.108,1.58371,1.58408,1.73,1.50
2012.10.18 15:16:57.228,1.58374,1.58412,1.35,1.13
2012.10.18 15:16:57.718,1.58371,1.58406,1.73,1.50
2012.10.18 15:16:57.779,1.58371,1.58406,1.73,1.50
2012.10.18 15:16:57.898,1.58368,1.58405,1.73,1.50
2012.10.18 15:16:58.749,1.58366,1.58404,1.35,1.88
2012.10.18 15:16:59.240,1.58368,1.58405,1.73,1.50
2012.10.18 15:17:10.449,1.58371,1.58409,1.36,1.50
2012.10.18 15:17:13.669,1.58371,1.58408,1.73,1.50
2012.10.18 15:17:14.174,1.58372,1.58407,1.35,1.13
2012.10.18 15:17:14.238,1.58372,1.58406,1.73,1.50
2012.10.18 15:17:14.358,1.58367,1.58406,1.73,2.25
2012.10.18 15:17:14.739,1.58368,1.58406,1.35,2.63
2012.10.18 15:17:15.041,1.5837,1.58406,1.73,1.13
2012.10.18 15:17:15.460,1.58376,1.58406,1.13,1.50
2012.10.18 15:17:16.688,1.58378,1.58409,1.35,1.13
2012.10.18 15:17:16.748,1.58378,1.58409,1.35,1.13
2012.10.18 15:17:17.379,1.58376,1.58408,1.73,1.50
2012.10.18 15:17:17.918,1.58379,1.58409,1.13,1.50
2012.10.18 15:17:18.230,1.58371,1.58409,1.80,1.13
2012.10.18 15:17:18.331,1.58371,1.58409,1.80,1.13
2012.10.18 15:17:22.479,1.58375,1.58409,1.73,1.50
2012.10.18 15:17:23.578,1.58375,1.58412,1.73,1.50
2012.10.18 15:17:23.728,1.58375,1.58414,1.35,2.25
2012.10.18 15:17:23.788,1.58375,1.58414,1.35,2.25
2012.10.18 15:17:25.499,1.58381,1.58415,1.73,1.50
2012.10.18 15:17:26.121,1.58382,1.58413,1.35,1.13
2012.10.18 15:17:26.380,1.58372,1.58403,1.35,1.50
2012.10.18 15:17:26.501,1.58373,1.58403,1.58,1.50
2012.10.18 15:17:26.768,1.58372,1.58403,1.35,1.50
2012.10.18 15:17:27.301,1.58373,1.58408,1.35,1.13
2012.10.18 15:17:29.639,1.58367,1.58403,1.48,1.50
2012.10.18 15:17:29.903,1.58367,1.58402,1.35,1.50
2012.10.18 15:17:33.288,1.58372,1.58408,1.73,1.50
2012.10.18 15:17:33.528,1.58374,1.58408,1.73,1.50
2012.10.18 15:17:36.350,1.58375,1.58411,1.35,1.50
2012.10.18 15:17:36.652,1.5838,1.5841,1.43,1.50
2012.10.18 15:17:37.178,1.5838,1.58409,1.43,1.50
2012.10.18 15:17:37.239,1.58377,1.58409,1.35,1.50
2012.10.18 15:17:37.298,1.58373,1.58409,1.73,1.50
2012.10.18 15:17:37.419,1.58373,1.58409,1.73,1.50
2012.10.18 15:17:37.942,1.58372,1.58407,1.73,1.50
2012.10.18 15:17:38.219,1.58377,1.58409,1.35,1.50
2012.10.18 15:17:38.278,1.58377,1.58409,1.35,1.50
2012.10.18 15:17:44.681,1.58377,1.58409,1.73,1.50
2012.10.18 15:17:49.269,1.58377,1.58413,1.73,1.50
2012.10.18 15:17:49.388,1.58377,1.58409,1.73,1.50
2012.10.18 15:17:50.878,1.58377,1.58414,1.35,1.50
2012.10.18 15:17:51.459,1.58379,1.58414,1.73,1.50
2012.10.18 15:17:51.649,1.58377,1.58411,1.35,1.50
2012.10.18 15:17:52.439,1.58376,1.5841,1.73,1.50
2012.10.18 15:17:52.558,1.58376,1.5841,1.73,1.50
2012.10.18 15:17:53.558,1.58371,1.5841,1.73,1.50
2012.10.18 15:17:59.099,1.58367,1.58404,1.73,1.50
2012.10.18 15:17:59.347,1.58368,1.58403,1.35,1.50
2012.10.18 15:18:00.119,1.58368,1.58405,1.35,1.50
2012.10.18 15:18:00.654,1.58375,1.58408,1.35,2.25
2012.10.18 15:18:00.718,1.58375,1.58408,1.35,1.50
2012.10.18 15:18:02.888,1.58375,1.58413,1.35,1.13
2012.10.18 15:18:03.009,1.58384,1.58414,1.35,1.50
2012.10.18 15:18:03.249,1.58381,1.58405,1.50,1.50
2012.10.18 15:18:03.368,1.58373,1.58405,1.73,3.00
2012.10.18 15:18:03.428,1.58372,1.58405,1.73,1.13
2012.10.18 15:18:03.549,1.58373,1.58405,1.73,1.13
2012.10.18 15:18:03.908,1.58374,1.58408,1.73,1.50
2012.10.18 15:18:04.029,1.58377,1.58414,1.35,1.50
2012.10.18 15:18:04.180,1.58377,1.58415,1.73,2.25
2012.10.18 15:18:04.715,1.58385,1.58415,1.73,1.50
2012.10.18 15:18:05.730,1.58384,1.58413,1.73,2.25
2012.10.18 15:18:05.788,1.58384,1.58413,1.35,2.25
2012.10.18 15:18:05.941,1.58384,1.58413,1.35,2.25
2012.10.18 15:18:05.999,1.58381,1.58409,1.35,1.50
2012.10.18 15:18:06.360,1.5838,1.58409,1.35,1.50
2012.10.18 15:18:08.270,1.58374,1.58401,1.35,1.50
2012.10.18 15:18:08.691,1.58372,1.58401,1.62,1.50
2012.10.18 15:18:08.749,1.58372,1.58401,1.35,1.50
2012.10.18 15:18:08.808,1.58376,1.58404,1.13,1.50
2012.10.18 15:18:08.868,1.58371,1.58404,1.73,1.50
2012.10.18 15:18:08.929,1.58372,1.58405,1.73,1.50
2012.10.18 15:18:10.588,1.58372,1.58408,1.73,1.50
2012.10.18 15:18:11.890,1.58372,1.58411,1.73,1.50
2012.10.18 15:18:12.248,1.58375,1.58414,1.52,1.50
2012.10.18 15:18:12.841,1.58375,1.58414,2.27,1.50
2012.10.18 15:18:12.899,1.58375,1.58414,2.18,1.50
2012.10.18 15:18:13.258,1.58375,1.5841,1.05,1.50
2012.10.18 15:18:13.859,1.58367,1.58401,1.50,1.50
2012.10.18 15:18:13.937,1.58376,1.58403,1.13,1.50
2012.10.18 15:18:14.319,1.58369,1.58401,1.73,1.50
2012.10.18 15:18:16.739,1.58369,1.58403,1.35,1.50
2012.10.18 15:18:17.043,1.58369,1.58403,1.89,1.50
2012.10.18 15:18:17.370,1.58369,1.58403,1.35,1.50
2012.10.18 15:18:18.122,1.58369,1.58404,1.35,1.50
2012.10.18 15:18:18.430,1.58369,1.58407,1.35,1.50
2012.10.18 15:18:19.408,1.58377,1.58408,1.35,1.13
2012.10.18 15:18:19.534,1.58377,1.58409,1.35,1.50
2012.10.18 15:18:22.119,1.58376,1.58408,1.73,1.50
2012.10.18 15:18:22.239,1.58376,1.58408,1.73,1.50
2012.10.18 15:18:22.418,1.58377,1.58408,1.35,1.50
2012.10.18 15:18:22.729,1.58372,1.584,1.35,1.50
2012.10.18 15:18:22.969,1.58377,1.58403,1.35,1.50
2012.10.18 15:18:23.129,1.58377,1.58403,1.35,1.50
2012.10.18 15:18:23.279,1.58371,1.584,1.35,1.50
2012.10.18 15:18:23.338,1.58367,1.584,1.73,1.50
2012.10.18 15:18:28.529,1.58367,1.58399,1.73,1.50
2012.10.18 15:18:28.649,1.58367,1.58403,1.73,1.50
2012.10.18 15:18:28.888,1.58367,1.58399,1.73,1.50
2012.10.18 15:18:28.948,1.58367,1.58399,1.73,1.50
2012.10.18 15:18:29.128,1.58359,1.58396,1.73,1.50
2012.10.18 15:18:29.569,1.58359,1.58399,1.73,1.50
2012.10.18 15:18:29.646,1.58367,1.58399,1.73,1.50
2012.10.18 15:18:30.312,1.58367,1.58399,1.73,1.50
2012.10.18 15:18:30.505,1.58367,1.58399,1.73,1.50
2012.10.18 15:18:31.953,1.58367,1.584,1.73,1.50
2012.10.18 15:18:33.541,1.58368,1.584,1.73,1.50
2012.10.18 15:18:34.828,1.58368,1.58399,1.35,1.50
2012.10.18 15:18:35.129,1.58367,1.58393,1.13,1.50
2012.10.18 15:18:35.308,1.5836,1.58398,2.10,2.85
2012.10.18 15:18:35.368,1.58363,1.58398,1.41,2.63
2012.10.18 15:18:35.428,1.5836,1.58395,1.35,1.50
2012.10.18 15:18:35.970,1.58368,1.58398,1.13,1.50
2012.10.18 15:18:36.489,1.58368,1.58399,1.35,1.50
2012.10.18 15:18:38.198,1.58368,1.58399,1.35,1.50
2012.10.18 15:18:38.499,1.58361,1.58393,2.10,1.50
2012.10.18 15:18:39.029,1.58362,1.58393,1.35,1.50
2012.10.18 15:18:39.698,1.58357,1.58393,1.73,1.50
2012.10.18 15:18:43.199,1.58358,1.58394,2.48,1.50
2012.10.18 15:18:44.598,1.58362,1.58392,1.73,1.50
2012.10.18 15:18:44.790,1.58362,1.5839,1.35,1.50
2012.10.18 15:18:45.441,1.58361,1.58389,1.50,1.50
2012.10.18 15:18:46.080,1.58358,1.58389,1.35,1.50
2012.10.18 15:18:46.789,1.58358,1.58389,1.73,1.50
2012.10.18 15:18:48.810,1.58358,1.58389,1.35,1.50
2012.10.18 15:18:48.929,1.5835,1.58378,1.35,1.50
2012.10.18 15:18:49.980,1.58342,1.58374,1.73,1.50
2012.10.18 15:18:50.039,1.58342,1.58374,1.73,1.50
2012.10.18 15:18:50.548,1.58342,1.58374,1.73,1.50
2012.10.18 15:18:50.850,1.58341,1.58373,1.73,1.50
2012.10.18 15:18:51.529,1.58337,1.58374,1.73,1.50
2012.10.18 15:18:51.879,1.58337,1.58373,1.73,1.50
2012.10.18 15:18:51.939,1.58337,1.58373,1.73,1.50
2012.10.18 15:18:52.489,1.58337,1.58373,1.73,1.50
2012.10.18 15:18:52.548,1.58337,1.58373,1.73,1.50
2012.10.18 15:18:54.149,1.58343,1.58376,1.50,1.13
2012.10.18 15:18:54.508,1.58354,1.58382,1.35,2.63
2012.10.18 15:18:54.971,1.58354,1.58384,1.73,1.50
2012.10.18 15:18:55.060,1.58354,1.58388,1.35,1.50
2012.10.18 15:18:56.069,1.58354,1.58388,1.73,1.50
2012.10.18 15:18:56.608,1.58351,1.58388,2.16,1.50
2012.10.18 15:18:57.279,1.58345,1.5838,1.73,1.50
2012.10.18 15:18:59.629,1.58346,1.5838,1.35,1.50
2012.10.18 15:19:01.058,1.58346,1.58379,1.35,1.50
2012.10.18 15:19:01.474,1.58346,1.58379,1.35,1.50
2012.10.18 15:19:06.438,1.58341,1.58373,2.13,1.50
2012.10.18 15:19:06.579,1.58341,1.58369,1.35,1.50
2012.10.18 15:19:07.308,1.58338,1.58369,1.73,1.50
2012.10.18 15:19:10.649,1.58338,1.58369,1.73,1.50
2012.10.18 15:19:13.172,1.58341,1.58374,1.35,2.03
2012.10.18 15:19:13.292,1.58354,1.58377,1.13,1.13
2012.10.18 15:19:13.348,1.58354,1.58383,1.73,1.50
2012.10.18 15:19:13.588,1.58352,1.58378,1.13,1.50
2012.10.18 15:19:13.648,1.5835,1.58378,1.73,1.50
2012.10.18 15:19:13.829,1.5835,1.58378,1.73,1.50
2012.10.18 15:19:14.008,1.58346,1.58378,1.73,1.50
2012.10.18 15:19:14.958,1.58346,1.58378,1.35,1.50
2012.10.18 15:19:15.841,1.58347,1.58378,1.35,1.50
2012.10.18 15:19:15.920,1.58347,1.58383,1.35,1.50
2012.10.18 15:19:16.279,1.58352,1.58378,1.73,1.50
2012.10.18 15:19:16.759,1.58347,1.58374,1.35,1.50
2012.10.18 15:19:17.129,1.58347,1.58379,1.73,1.50
2012.10.18 15:19:21.649,1.58347,1.58379,1.35,2.48
2012.10.18 15:19:22.190,1.58346,1.58374,1.73,1.50
2012.10.18 15:19:22.250,1.58346,1.58374,1.73,1.50
2012.10.18 15:19:22.388,1.58346,1.58374,1.73,1.50
2012.10.18 15:19:22.449,1.58347,1.58378,1.35,2.33
2012.10.18 15:19:24.098,1.58347,1.58379,1.35,3.38
2012.10.18 15:19:24.909,1.58347,1.5838,1.73,1.50
2012.10.18 15:19:25.368,1.58346,1.58378,1.73,1.50
2012.10.18 15:19:25.670,1.58346,1.58374,1.50,1.50
2012.10.18 15:19:26.039,1.58336,1.58371,1.73,1.50
2012.10.18 15:19:26.209,1.58336,1.58375,2.48,2.25
2012.10.18 15:19:26.388,1.58337,1.58375,1.35,1.88
2012.10.18 15:19:26.930,1.58361,1.58394,1.73,1.50
2012.10.18 15:19:27.431,1.58362,1.58399,1.73,1.88
2012.10.18 15:19:27.951,1.58362,1.58399,1.73,1.50
2012.10.18 15:19:28.289,1.5836,1.58393,2.10,2.25
2012.10.18 15:19:28.900,1.5836,1.58397,2.40,1.50
2012.10.18 15:19:28.967,1.58365,1.58398,1.73,1.50
2012.10.18 15:19:30.613,1.58365,1.58404,1.73,2.25
2012.10.18 15:19:30.809,1.58372,1.58404,1.35,1.88
2012.10.18 15:19:30.928,1.58373,1.58404,1.73,1.50
2012.10.18 15:19:33.229,1.58376,1.5841,1.73,1.50
2012.10.18 15:19:33.739,1.58376,1.5841,1.73,1.50
2012.10.18 15:19:34.379,1.58376,1.5841,1.73,1.50
2012.10.18 15:19:34.559,1.58371,1.58407,1.35,1.50
2012.10.18 15:19:39.752,1.58373,1.58409,1.73,1.13
2012.10.18 15:19:40.348,1.58376,1.58405,1.35,1.50
2012.10.18 15:19:40.530,1.58376,1.58405,1.13,1.50
2012.10.18 15:19:40.910,1.58372,1.58405,1.73,1.50
2012.10.18 15:19:41.208,1.58375,1.58405,1.50,1.50
2012.10.18 15:19:42.951,1.58371,1.58403,1.35,1.50
2012.10.18 15:19:43.269,1.58367,1.58398,1.13,1.50
2012.10.18 15:19:43.628,1.58356,1.58388,1.73,1.50
2012.10.18 15:19:43.689,1.58354,1.58388,1.73,1.50
2012.10.18 15:19:46.270,1.58355,1.58388,1.35,1.50
2012.10.18 15:19:46.999,1.58354,1.58388,1.73,1.50
2012.10.18 15:19:47.119,1.58354,1.58389,1.73,1.50
2012.10.18 15:19:47.180,1.58354,1.58389,1.73,1.50
2012.10.18 15:19:47.439,1.58362,1.58393,1.13,1.50
2012.10.18 15:19:47.918,1.58362,1.58393,1.73,1.50
2012.10.18 15:19:48.230,1.58363,1.58393,1.35,1.50
2012.10.18 15:19:49.418,1.58364,1.58398,1.34,1.50
2012.10.18 15:19:49.719,1.58369,1.58395,1.13,1.50
2012.10.18 15:19:49.853,1.58363,1.58395,1.35,1.50
2012.10.18 15:19:50.766,1.5837,1.58403,1.73,1.50
2012.10.18 15:19:51.488,1.5837,1.58403,1.73,1.50
2012.10.18 15:19:51.919,1.5837,1.58405,1.73,1.50
2012.10.18 15:19:52.441,1.58371,1.58407,1.35,1.50
2012.10.18 15:19:52.559,1.58371,1.58409,1.35,1.88
2012.10.18 15:19:52.678,1.58371,1.58407,1.35,1.50
2012.10.18 15:19:53.349,1.5837,1.58407,1.73,1.50
2012.10.18 15:19:53.689,1.5837,1.58407,1.73,1.50
2012.10.18 15:19:53.752,1.5837,1.58407,1.73,1.50
2012.10.18 15:19:53.871,1.5837,1.58407,1.73,1.50
2012.10.18 15:19:54.669,1.58371,1.58407,1.35,1.50
2012.10.18 15:19:54.851,1.58371,1.58407,1.35,1.50
2012.10.18 15:19:57.700,1.58371,1.58406,1.73,1.13
2012.10.18 15:19:58.003,1.58375,1.58407,1.20,1.13
2012.10.18 15:19:58.129,1.5837,1.58407,1.73,1.13
2012.10.18 15:19:58.739,1.58375,1.58406,1.73,1.13
2012.10.18 15:20:02.889,1.58365,1.58405,1.56,1.50
2012.10.18 15:20:03.070,1.58357,1.58392,3.23,1.13
2012.10.18 15:20:03.189,1.58364,1.584,1.50,1.35
2012.10.18 15:20:03.609,1.5837,1.58403,1.73,1.50
2012.10.18 15:20:03.672,1.5837,1.58404,1.35,2.25
2012.10.18 15:20:03.970,1.5837,1.58404,1.73,1.50
2012.10.18 15:20:04.208,1.5837,1.58405,1.73,1.13
2012.10.18 15:20:06.099,1.5837,1.58408,1.35,1.50
2012.10.18 15:20:06.608,1.58374,1.58409,1.73,1.50
2012.10.18 15:20:07.498,1.58374,1.58409,1.35,1.13
2012.10.18 15:20:12.508,1.58375,1.58412,1.35,2.48
2012.10.18 15:20:31.398,1.58374,1.58408,1.73,1.50
2012.10.18 15:20:32.011,1.58373,1.58409,1.73,1.50
2012.10.18 15:20:32.897,1.58373,1.58409,1.73,2.25
2012.10.18 15:20:32.961,1.58375,1.58409,1.35,1.50
2012.10.18 15:20:33.088,1.58375,1.58409,1.35,3.00
2012.10.18 15:20:34.860,1.5837,1.58408,2.48,1.50
2012.10.18 15:20:34.978,1.58369,1.584,1.35,1.13
2012.10.18 15:20:35.668,1.58367,1.58403,1.73,1.50
2012.10.18 15:20:35.789,1.5837,1.58406,1.73,1.13
2012.10.18 15:20:35.879,1.5837,1.58406,1.73,1.13
2012.10.18 15:20:35.998,1.58367,1.584,2.48,1.13
2012.10.18 15:20:41.409,1.58365,1.58401,1.73,1.88
2012.10.18 15:20:41.589,1.58364,1.58392,1.13,1.13
2012.10.18 15:20:41.649,1.58364,1.58392,1.50,1.13
2012.10.18 15:20:41.769,1.58369,1.58409,1.73,1.50
2012.10.18 15:20:41.950,1.58369,1.58401,1.35,1.13
2012.10.18 15:20:43.408,1.58365,1.584,1.73,1.13
2012.10.18 15:20:43.748,1.5837,1.58404,2.10,1.13
2012.10.18 15:20:44.363,1.5837,1.58406,2.10,1.88
2012.10.18 15:20:44.966,1.5837,1.58409,1.73,2.25
2012.10.18 15:20:47.888,1.58371,1.58408,1.73,1.13
2012.10.18 15:20:48.458,1.58374,1.58408,1.73,1.13
2012.10.18 15:20:50.218,1.58371,1.58408,1.73,1.50
2012.10.18 15:20:52.177,1.58371,1.58408,1.73,1.13
2012.10.18 15:20:57.348,1.5837,1.58408,1.73,2.25
2012.10.18 15:20:59.989,1.58372,1.58408,1.73,1.13
2012.10.18 15:21:00.338,1.58372,1.58408,1.73,1.50
2012.10.18 15:21:05.938,1.5837,1.58406,1.35,1.50
2012.10.18 15:21:06.269,1.5837,1.58406,1.35,1.50
2012.10.18 15:21:06.548,1.5837,1.58406,1.35,1.50
2012.10.18 15:21:06.608,1.5837,1.58406,1.35,1.50
2012.10.18 15:21:07.428,1.58371,1.58408,1.73,1.35
2012.10.18 15:21:09.909,1.5837,1.58408,1.73,1.73
2012.10.18 15:21:10.269,1.58372,1.58406,1.50,1.35
2012.10.18 15:21:10.850,1.58382,1.58408,1.32,1.67
2012.10.18 15:21:11.722,1.58381,1.58409,1.73,1.50
2012.10.18 15:21:12.728,1.58382,1.58414,1.32,1.50
2012.10.18 15:21:13.390,1.58386,1.58414,1.09,1.50
2012.10.18 15:21:13.859,1.58386,1.58419,1.32,1.50
2012.10.18 15:21:14.405,1.58387,1.58421,1.35,1.50
2012.10.18 15:21:19.380,1.58387,1.58423,1.35,1.50
2012.10.18 15:21:19.596,1.58387,1.5842,1.35,1.50
2012.10.18 15:21:20.034,1.58386,1.58417,2.07,1.50
2012.10.18 15:21:20.340,1.58379,1.5841,1.09,1.13
2012.10.18 15:21:20.770,1.58378,1.5841,2.59,1.13
2012.10.18 15:21:21.699,1.58382,1.58411,1.09,1.13
2012.10.18 15:21:21.938,1.58382,1.58413,1.09,1.50
2012.10.18 15:21:26.009,1.58378,1.58413,1.73,1.50
2012.10.18 15:21:27.899,1.58377,1.5841,1.32,1.50
2012.10.18 15:21:27.959,1.58376,1.5841,2.07,1.50
2012.10.18 15:21:29.441,1.58373,1.5841,1.84,2.10
2012.10.18 15:21:29.500,1.58372,1.5841,1.13,2.10
2012.10.18 15:21:29.819,1.5837,1.58402,1.50,1.13
2012.10.18 15:21:31.178,1.58369,1.58403,2.25,1.50
2012.10.18 15:21:31.699,1.5837,1.58402,1.50,1.13
2012.10.18 15:21:33.628,1.58369,1.58403,2.25,1.50
2012.10.18 15:21:35.699,1.58369,1.58404,3.00,1.50
2012.10.18 15:21:35.758,1.58376,1.58404,1.09,1.50
2012.10.18 15:21:36.189,1.58376,1.58402,1.32,1.13
2012.10.18 15:21:36.549,1.58371,1.58401,1.09,1.50
2012.10.18 15:21:36.848,1.58372,1.58401,1.50,1.50
2012.10.18 15:21:37.269,1.5837,1.58401,1.09,1.50
2012.10.18 15:21:37.371,1.58371,1.58403,1.09,2.25
2012.10.18 15:21:37.549,1.58372,1.58403,1.35,1.13
2012.10.18 15:21:38.198,1.5837,1.58403,3.19,1.13
2012.10.18 15:21:38.259,1.5837,1.58403,2.97,1.13
2012.10.18 15:21:38.779,1.5837,1.58401,1.09,1.50
2012.10.18 15:21:39.388,1.58371,1.58401,1.09,1.50
2012.10.18 15:21:39.677,1.5837,1.58401,2.59,1.50
2012.10.18 15:21:42.469,1.58371,1.58401,1.09,1.50
2012.10.18 15:21:42.768,1.5837,1.58401,1.09,1.50
2012.10.18 15:21:43.128,1.58371,1.58401,1.09,1.50
2012.10.18 15:21:43.430,1.58364,1.58401,1.35,1.50
2012.10.18 15:21:43.549,1.58363,1.58393,1.35,1.13
2012.10.18 15:21:43.611,1.58363,1.58392,1.13,1.13
2012.10.18 15:21:44.162,1.58362,1.58394,1.50,1.50
2012.10.18 15:21:44.305,1.58366,1.58394,1.09,1.13
2012.10.18 15:21:44.730,1.58367,1.58393,1.32,1.13
2012.10.18 15:21:45.140,1.5837,1.58401,1.32,1.50
2012.10.18 15:21:51.090,1.5837,1.58404,1.32,1.50
2012.10.18 15:21:51.261,1.5837,1.58404,1.32,1.50
2012.10.18 15:21:51.794,1.5837,1.58404,1.09,1.50
2012.10.18 15:21:52.371,1.5837,1.58404,1.32,1.50
2012.10.18 15:22:14.085,1.5837,1.58404,2.07,1.50
2012.10.18 15:22:14.210,1.58368,1.58404,1.32,1.50
2012.10.18 15:22:15.151,1.58371,1.58407,2.07,1.50
2012.10.18 15:22:26.986,1.58371,1.58407,1.09,1.35
2012.10.18 15:22:29.939,1.58375,1.58407,1.84,1.73
2012.10.18 15:22:29.999,1.5838,1.58409,1.09,1.13
2012.10.18 15:22:30.059,1.5838,1.58411,1.09,1.50
2012.10.18 15:22:57.049,1.58378,1.58414,1.09,1.73
2012.10.18 15:22:57.719,1.5838,1.58414,1.09,1.73
2012.10.18 15:22:59.436,1.58378,1.58414,1.09,1.73
2012.10.18 15:23:00.249,1.5838,1.58414,1.09,1.73
2012.10.18 15:23:00.646,1.58378,1.58414,1.09,1.73
2012.10.18 15:23:01.030,1.5838,1.58414,1.09,1.73
2012.10.18 15:23:10.520,1.5838,1.58414,1.09,1.73
2012.10.18 15:23:11.059,1.5838,1.58414,1.09,1.50
2012.10.18 15:23:33.659,1.58376,1.5841,1.35,1.50
2012.10.18 15:23:34.079,1.58369,1.58403,1.35,1.50
2012.10.18 15:23:39.650,1.58369,1.58398,1.13,1.13
2012.10.18 15:23:40.008,1.58361,1.58394,1.13,1.50
2012.10.18 15:23:40.310,1.58354,1.58384,2.25,1.35
2012.10.18 15:23:40.429,1.58354,1.58384,1.50,1.35
2012.10.18 15:23:40.490,1.58353,1.58384,1.13,1.13
2012.10.18 15:23:41.029,1.58352,1.5839,1.50,1.73
2012.10.18 15:23:41.619,1.58352,1.5839,3.00,1.73
2012.10.18 15:23:42.160,1.58351,1.58389,3.00,1.73
2012.10.18 15:23:42.679,1.58351,1.58389,2.25,1.73
2012.10.18 15:23:43.039,1.58353,1.58389,1.13,1.73
2012.10.18 15:23:44.610,1.58353,1.58388,1.50,1.73
2012.10.18 15:23:44.729,1.58361,1.5839,1.13,1.73
2012.10.18 15:23:44.969,1.58357,1.58393,2.48,1.50
2012.10.18 15:23:45.148,1.58353,1.58391,1.88,2.10
2012.10.18 15:23:48.739,1.58358,1.58393,1.13,1.13
2012.10.18 15:23:48.859,1.58361,1.58398,1.50,1.50
2012.10.18 15:23:48.919,1.58377,1.58399,1.13,1.13
2012.10.18 15:23:48.979,1.58377,1.58406,1.50,2.48
2012.10.18 15:23:49.159,1.58374,1.58406,1.35,1.13
2012.10.18 15:23:49.219,1.58372,1.58403,1.50,1.50
2012.10.18 15:23:49.399,1.58372,1.58398,1.50,1.73
2012.10.18 15:23:49.699,1.58368,1.584,1.13,1.35
2012.10.18 15:23:49.765,1.58368,1.58401,1.73,1.50
2012.10.18 15:23:55.629,1.58369,1.58404,1.35,1.50
2012.10.18 15:23:55.749,1.58369,1.58401,1.35,1.50
2012.10.18 15:23:56.190,1.58369,1.58406,1.35,1.88
2012.10.18 15:23:56.251,1.58376,1.58406,1.13,1.13
2012.10.18 15:23:56.690,1.58371,1.58402,1.73,1.50
2012.10.18 15:23:56.829,1.58376,1.58404,1.35,1.50
2012.10.18 15:23:56.979,1.58376,1.58404,1.13,1.50
2012.10.18 15:23:57.479,1.58369,1.58401,1.13,1.50
2012.10.18 15:24:18.106,1.58367,1.58398,1.50,1.50
2012.10.18 15:24:18.174,1.58369,1.58402,1.13,1.50
2012.10.18 15:24:26.658,1.58369,1.58407,1.50,1.73
2012.10.18 15:24:26.779,1.58377,1.58414,1.13,1.73
2012.10.18 15:24:26.959,1.58382,1.5842,1.73,1.50
2012.10.18 15:24:27.079,1.58393,1.58424,1.13,2.25
2012.10.18 15:24:27.139,1.58386,1.58415,1.35,1.50
2012.10.18 15:24:27.450,1.58392,1.58418,1.50,1.73
2012.10.18 15:24:27.510,1.58392,1.58418,1.50,1.50
2012.10.18 15:24:28.018,1.58385,1.58421,1.13,1.73
2012.10.18 15:24:32.099,1.58386,1.58423,1.50,1.35
2012.10.18 15:24:32.460,1.58392,1.58424,1.13,1.35
2012.10.18 15:24:32.582,1.58392,1.58428,1.50,1.50
2012.10.18 15:24:39.669,1.58391,1.58427,1.50,1.13
2012.10.18 15:24:39.972,1.58393,1.58421,1.13,1.69
2012.10.18 15:24:40.484,1.58395,1.58425,1.13,1.35
2012.10.18 15:24:40.553,1.58395,1.58425,1.13,1.13
2012.10.18 15:24:40.681,1.58391,1.58421,1.73,1.13
2012.10.18 15:24:40.920,1.58394,1.58427,1.13,1.32
2012.10.18 15:24:41.099,1.58394,1.58428,1.50,1.09
2012.10.18 15:24:41.760,1.58395,1.58428,1.13,1.50
2012.10.18 15:24:42.569,1.58395,1.58428,1.50,1.50
2012.10.18 15:24:43.089,1.58395,1.58428,1.13,1.50
2012.10.18 15:24:43.709,1.58395,1.58428,1.50,1.50
2012.10.18 15:24:43.830,1.58392,1.58427,1.73,1.50
2012.10.18 15:24:44.009,1.58387,1.58423,1.13,1.73
2012.10.18 15:24:49.139,1.58386,1.58424,1.50,2.07
2012.10.18 15:24:49.640,1.58387,1.58424,1.13,2.07
2012.10.18 15:24:53.169,1.58387,1.58424,1.50,2.07
2012.10.18 15:24:53.229,1.58384,1.5842,1.73,1.50
2012.10.18 15:24:53.900,1.58382,1.58411,1.73,1.09
2012.10.18 15:24:54.219,1.58383,1.58413,1.50,1.09
2012.10.18 15:25:08.844,1.58383,1.58418,1.50,1.50
2012.10.18 15:25:10.669,1.58381,1.58412,1.73,1.50
2012.10.18 15:25:10.790,1.58376,1.5841,1.35,1.50
2012.10.18 15:25:10.911,1.58376,1.58414,1.88,1.35
2012.10.18 15:25:11.182,1.58373,1.58413,3.00,1.73
2012.10.18 15:25:11.480,1.58375,1.58407,1.13,1.13
2012.10.18 15:25:11.541,1.58375,1.58408,1.13,1.13
2012.10.18 15:25:12.804,1.58375,1.58407,1.13,1.13
2012.10.18 15:25:17.321,1.5837,1.58407,4.50,1.73
2012.10.18 15:25:18.097,1.5837,1.58407,4.50,1.73
2012.10.18 15:25:20.064,1.5837,1.58406,2.25,1.73
2012.10.18 15:25:20.190,1.5837,1.58406,2.25,1.73
2012.10.18 15:25:30.179,1.58369,1.58408,4.50,1.73
2012.10.18 15:25:30.589,1.58369,1.58408,4.88,1.73
2012.10.18 15:25:31.729,1.58375,1.58409,1.73,1.50
2012.10.18 15:25:31.851,1.58377,1.5841,1.50,1.09
2012.10.18 15:25:32.170,1.58377,1.58413,1.50,1.73
2012.10.18 15:25:32.229,1.58377,1.58413,1.50,1.50
2012.10.18 15:25:39.519,1.58377,1.58413,1.13,1.73
2012.10.18 15:25:39.969,1.58377,1.58413,1.13,1.73
2012.10.18 15:25:40.741,1.58377,1.5841,1.13,1.73
2012.10.18 15:25:40.919,1.58374,1.5841,1.50,1.35
2012.10.18 15:25:41.039,1.58374,1.5841,1.50,1.35
2012.10.18 15:25:41.406,1.58371,1.5841,1.73,1.50
2012.10.18 15:25:41.610,1.58371,1.5841,1.50,2.10
2012.10.18 15:25:42.709,1.58371,1.58406,1.50,1.32
2012.10.18 15:25:44.095,1.58371,1.58407,1.50,1.32
2012.10.18 15:25:44.401,1.58375,1.58411,1.35,1.50
2012.10.18 15:25:44.579,1.58375,1.58411,1.35,1.50
2012.10.18 15:25:45.093,1.58375,1.58411,1.35,1.50
2012.10.18 15:25:48.250,1.58375,1.58411,1.73,1.50
2012.10.18 15:25:49.001,1.58375,1.58411,1.35,1.50
2012.10.18 15:25:50.701,1.58375,1.58411,1.35,1.50
2012.10.18 15:25:51.009,1.58375,1.58411,1.35,1.50
2012.10.18 15:25:52.159,1.58376,1.58411,1.35,1.50
2012.10.18 15:25:53.489,1.58372,1.58411,1.50,1.73
2012.10.18 15:25:53.730,1.58375,1.58411,1.50,1.50
2012.10.18 15:25:54.330,1.58375,1.58411,1.73,1.50
2012.10.18 15:26:01.620,1.58374,1.58409,1.73,1.84
2012.10.18 15:26:01.739,1.58374,1.58407,1.73,1.84
2012.10.18 15:26:01.859,1.58374,1.58404,1.35,1.50
2012.10.18 15:26:02.042,1.58376,1.58407,1.35,1.09
2012.10.18 15:26:02.341,1.58371,1.58407,2.10,1.84
2012.10.18 15:26:02.695,1.58377,1.58405,1.13,1.50
2012.10.18 15:26:07.769,1.58371,1.5841,2.02,1.50
2012.10.18 15:26:08.451,1.58377,1.58414,1.35,1.50
2012.10.18 15:26:11.533,1.58377,1.5841,1.73,1.50
2012.10.18 15:26:11.993,1.58392,1.58423,1.13,1.35
2012.10.18 15:26:12.109,1.58393,1.58424,1.35,1.50
2012.10.18 15:26:12.658,1.58393,1.58424,1.73,1.50
2012.10.18 15:26:12.970,1.58397,1.58431,1.73,2.25
2012.10.18 15:26:13.089,1.58404,1.58432,1.38,1.50
2012.10.18 15:26:13.339,1.5841,1.58444,1.73,1.84
2012.10.18 15:26:13.579,1.5841,1.58444,1.73,1.84
2012.10.18 15:26:15.131,1.58409,1.58445,1.73,1.50
2012.10.18 15:26:15.252,1.5841,1.58442,1.35,1.50
2012.10.18 15:26:16.739,1.58406,1.58439,1.73,1.50
2012.10.18 15:26:16.808,1.58406,1.58435,1.35,1.50
2012.10.18 15:26:16.870,1.58402,1.58435,1.73,1.50
2012.10.18 15:26:17.382,1.58402,1.58438,1.73,1.50
2012.10.18 15:26:17.704,1.58402,1.58435,1.73,1.50
2012.10.18 15:26:18.682,1.58402,1.58439,1.35,1.50
2012.10.18 15:26:18.808,1.58402,1.58435,1.35,1.50
2012.10.18 15:26:20.720,1.58402,1.58435,1.35,1.50
2012.10.18 15:26:21.019,1.58402,1.58439,1.35,1.50
2012.10.18 15:26:21.161,1.58402,1.5844,1.35,1.13
2012.10.18 15:26:21.222,1.58402,1.5844,1.35,1.13
2012.10.18 15:26:21.341,1.58413,1.58443,1.47,3.00
2012.10.18 15:26:21.699,1.58413,1.58443,1.47,1.13
2012.10.18 15:26:21.831,1.58413,1.58449,1.47,3.75
2012.10.18 15:26:21.890,1.58413,1.58445,1.47,1.09
2012.10.18 15:26:21.949,1.58405,1.58438,2.97,1.50
2012.10.18 15:26:22.010,1.58403,1.58438,1.50,1.50
2012.10.18 15:26:22.069,1.58402,1.58438,1.50,1.50
2012.10.18 15:26:22.589,1.58396,1.58438,1.73,1.50
2012.10.18 15:26:23.509,1.58396,1.58438,1.73,1.50
2012.10.18 15:26:23.689,1.58396,1.58429,1.73,1.50
2012.10.18 15:26:27.379,1.58391,1.58429,2.48,1.84
2012.10.18 15:26:27.680,1.58384,1.58428,1.20,1.50
2012.10.18 15:26:30.490,1.58385,1.58423,1.73,1.50
2012.10.18 15:26:30.551,1.58382,1.58423,4.01,1.50
2012.10.18 15:26:30.610,1.58382,1.58419,3.26,1.50
2012.10.18 15:26:31.149,1.58384,1.58419,1.35,1.50
2012.10.18 15:26:31.720,1.58385,1.58421,1.35,1.50
2012.10.18 15:26:32.151,1.58384,1.58424,2.10,1.50
2012.10.18 15:26:32.660,1.58384,1.58429,1.35,1.73
2012.10.18 15:26:32.782,1.58384,1.58423,1.35,1.50
2012.10.18 15:26:33.069,1.58384,1.58428,1.35,1.73
2012.10.18 15:26:33.349,1.58384,1.58424,1.35,1.50
2012.10.18 15:26:33.621,1.58402,1.58431,1.13,3.15
2012.10.18 15:26:33.680,1.58405,1.58433,2.22,3.00
2012.10.18 15:26:33.741,1.58405,1.58445,2.22,1.13
2012.10.18 15:26:33.799,1.58405,1.58443,2.22,1.13
2012.10.18 15:26:34.099,1.58411,1.58445,1.73,1.50
2012.10.18 15:26:37.234,1.58412,1.5845,1.43,1.50
2012.10.18 15:26:37.299,1.58412,1.58449,1.43,1.50
2012.10.18 15:26:37.420,1.58418,1.58453,1.35,1.13
2012.10.18 15:26:37.730,1.58418,1.58456,1.35,1.50
2012.10.18 15:26:38.061,1.58418,1.58453,1.35,1.13
2012.10.18 15:26:38.199,1.58418,1.58453,1.35,1.13
2012.10.18 15:26:38.710,1.58427,1.58458,1.73,1.50
2012.10.18 15:26:43.830,1.58427,1.58459,1.35,1.50
2012.10.18 15:26:44.150,1.58427,1.58464,1.73,1.50
2012.10.18 15:26:44.909,1.58427,1.58458,1.73,1.50
2012.10.18 15:26:45.312,1.58427,1.58464,1.73,1.50
2012.10.18 15:26:46.109,1.58427,1.58464,1.73,1.50
2012.10.18 15:26:48.159,1.58427,1.58459,1.35,1.50
2012.10.18 15:26:48.505,1.58427,1.58464,1.35,1.50
2012.10.18 15:26:49.600,1.58427,1.58459,1.73,1.50
2012.10.18 15:26:49.719,1.58427,1.58464,1.73,1.50
2012.10.18 15:26:53.741,1.58427,1.58464,1.73,1.50
2012.10.18 15:26:54.527,1.58427,1.58465,1.35,1.88
2012.10.18 15:26:54.871,1.58435,1.58468,1.13,2.22
2012.10.18 15:26:54.990,1.58435,1.5847,1.50,1.73
2012.10.18 15:26:57.950,1.58435,1.58467,1.13,1.35
2012.10.18 15:26:58.069,1.58435,1.58468,1.35,1.50
2012.10.18 15:26:58.205,1.58434,1.58465,1.50,1.50
2012.10.18 15:26:58.749,1.58426,1.58464,1.73,1.50
2012.10.18 15:27:00.410,1.58427,1.58464,1.35,1.50
2012.10.18 15:27:01.029,1.58427,1.58462,1.35,1.50
2012.10.18 15:27:04.699,1.58427,1.58465,1.35,1.13
2012.10.18 15:27:05.000,1.58431,1.58466,1.73,1.50
2012.10.18 15:27:05.173,1.58431,1.58465,1.73,1.13
2012.10.18 15:27:06.249,1.58432,1.58464,1.35,1.50
2012.10.18 15:27:10.400,1.58432,1.58463,1.35,1.50
2012.10.18 15:27:10.732,1.58424,1.58458,1.35,1.09
2012.10.18 15:27:11.481,1.58423,1.58462,1.73,1.84
2012.10.18 15:27:12.995,1.58423,1.58458,1.73,1.09
2012.10.18 15:27:22.310,1.58424,1.5846,1.32,1.50
2012.10.18 15:27:22.371,1.58424,1.58462,1.32,1.50
2012.10.18 15:27:22.490,1.58428,1.58463,1.35,1.88
2012.10.18 15:27:22.670,1.58436,1.58463,1.35,1.50
2012.10.18 15:27:22.730,1.58432,1.58466,1.35,1.88
2012.10.18 15:27:24.829,1.58431,1.58467,1.73,1.09
2012.10.18 15:27:25.041,1.58432,1.58464,1.35,1.50
2012.10.18 15:27:25.751,1.58431,1.58464,1.13,1.50
2012.10.18 15:27:26.710,1.58427,1.58457,1.35,1.13
2012.10.18 15:27:26.771,1.58427,1.58457,1.13,1.13
2012.10.18 15:27:35.110,1.5842,1.58457,1.73,1.13
2012.10.18 15:27:35.900,1.58421,1.58458,1.73,1.84
2012.10.18 15:27:36.079,1.58427,1.58464,1.35,1.50
2012.10.18 15:27:38.092,1.58427,1.58459,1.73,1.50
2012.10.18 15:27:38.760,1.58427,1.58465,2.48,2.25
2012.10.18 15:27:40.269,1.58427,1.58465,1.35,1.88
2012.10.18 15:27:40.389,1.58427,1.58465,2.10,1.88
2012.10.18 15:27:45.865,1.58429,1.58465,1.35,1.88
2012.10.18 15:27:45.990,1.58427,1.58463,1.88,1.73
2012.10.18 15:27:46.049,1.58426,1.58457,1.50,1.13
2012.10.18 15:27:46.170,1.58426,1.58463,1.50,1.73
2012.10.18 15:27:46.230,1.58435,1.58469,1.35,1.50
2012.10.18 15:27:46.710,1.58435,1.58468,1.35,1.13
2012.10.18 15:27:46.790,1.5843,1.58465,2.48,1.13
2012.10.18 15:27:47.562,1.5843,1.58465,2.48,1.88
2012.10.18 15:27:47.620,1.5843,1.58465,2.48,1.88
2012.10.18 15:27:48.829,1.5843,1.58465,2.48,1.88
2012.10.18 15:27:56.409,1.58428,1.58467,1.73,1.50
2012.10.18 15:27:56.589,1.58435,1.58471,1.73,1.88
2012.10.18 15:27:58.186,1.58434,1.58465,1.73,1.13
2012.10.18 15:27:58.249,1.58434,1.58465,1.73,1.13
2012.10.18 15:27:58.439,1.58434,1.58465,1.73,1.13
2012.10.18 15:27:58.789,1.58434,1.58468,1.73,1.13
2012.10.18 15:28:10.050,1.58434,1.58468,1.50,1.50
2012.10.18 15:28:10.110,1.58434,1.58467,1.50,1.50
2012.10.18 15:28:10.171,1.58434,1.58467,1.50,1.09
2012.10.18 15:28:10.349,1.58439,1.58472,1.13,1.50
2012.10.18 15:28:10.770,1.58436,1.58471,1.35,1.50
2012.10.18 15:28:11.079,1.58438,1.58471,1.50,1.50
2012.10.18 15:28:12.219,1.58433,1.58469,1.73,1.50
2012.10.18 15:28:12.960,1.58434,1.58468,1.35,1.50
2012.10.18 15:28:13.271,1.58434,1.5847,1.35,1.50
2012.10.18 15:28:15.039,1.58433,1.58469,2.48,1.50
2012.10.18 15:28:16.691,1.58433,1.58471,2.85,1.88
2012.10.18 15:28:17.912,1.58433,1.58471,2.10,1.13
2012.10.18 15:28:18.217,1.58433,1.58471,2.10,1.13
2012.10.18 15:28:23.449,1.58438,1.58474,1.50,1.13
2012.10.18 15:28:23.509,1.58438,1.58475,1.50,1.88
2012.10.18 15:28:26.920,1.58437,1.58474,1.35,1.13
2012.10.18 15:28:27.039,1.58433,1.58471,3.23,2.25
2012.10.18 15:28:35.210,1.5844,1.58474,1.13,1.13
2012.10.18 15:28:35.274,1.5844,1.58475,2.25,1.73
2012.10.18 15:28:38.289,1.58446,1.5848,1.35,1.13
2012.10.18 15:28:38.590,1.58447,1.58481,1.73,1.50
2012.10.18 15:28:39.263,1.58447,1.58484,1.73,1.84
2012.10.18 15:28:39.332,1.58462,1.5849,1.73,1.88
2012.10.18 15:28:39.619,1.58463,1.58498,1.73,1.50
2012.10.18 15:28:40.670,1.58463,1.58496,1.73,1.09
2012.10.18 15:28:42.660,1.58462,1.58498,1.73,1.50
2012.10.18 15:28:42.920,1.58462,1.58494,1.73,1.50
2012.10.18 15:28:43.535,1.58462,1.58494,1.73,1.50
2012.10.18 15:28:47.200,1.58456,1.58494,1.73,1.50
2012.10.18 15:28:49.785,1.58456,1.58493,1.73,1.09
2012.10.18 15:28:57.157,1.58456,1.58492,1.73,1.09
2012.10.18 15:28:59.440,1.58453,1.58489,1.32,1.50
2012.10.18 15:28:59.500,1.5845,1.58479,1.50,1.13
2012.10.18 15:28:59.621,1.5844,1.58477,1.73,1.50
2012.10.18 15:29:00.660,1.58446,1.58482,1.32,1.50
2012.10.18 15:29:01.171,1.58452,1.58483,1.35,1.13
2012.10.18 15:29:01.294,1.58452,1.58487,1.73,1.84
2012.10.18 15:29:02.990,1.58452,1.58483,1.73,1.50
2012.10.18 15:29:03.110,1.58452,1.5848,1.35,1.50
2012.10.18 15:29:03.510,1.58447,1.5848,1.35,1.50
2012.10.18 15:29:05.596,1.58447,1.58483,1.35,1.50
2012.10.18 15:29:07.180,1.58447,1.58483,1.35,1.50
2012.10.18 15:29:07.459,1.58447,1.58483,1.73,1.50
2012.10.18 15:29:07.565,1.58447,1.58483,1.73,1.50
2012.10.18 15:29:10.767,1.58447,1.58478,1.73,1.50
2012.10.18 15:29:17.381,1.58447,1.58482,1.35,1.09
2012.10.18 15:29:17.590,1.58447,1.58479,1.35,1.50
2012.10.18 15:29:18.219,1.58451,1.58482,1.73,1.09
2012.10.18 15:29:18.355,1.58451,1.58482,1.73,1.09
2012.10.18 15:29:21.889,1.58451,1.58479,1.73,1.50
2012.10.18 15:29:22.009,1.58451,1.58479,1.73,1.50
2012.10.18 15:29:22.553,1.58451,1.58479,1.73,1.50
2012.10.18 15:29:23.082,1.58451,1.58479,1.73,1.50
2012.10.18 15:29:23.665,1.58451,1.58479,1.73,1.50
2012.10.18 15:29:24.671,1.58451,1.58479,1.73,1.50
2012.10.18 15:29:25.552,1.58452,1.58482,1.13,1.09
2012.10.18 15:29:26.049,1.58451,1.58479,1.73,1.50
2012.10.18 15:29:27.365,1.58446,1.58479,1.73,1.50
2012.10.18 15:29:29.839,1.58446,1.58478,1.73,1.09
2012.10.18 15:29:30.431,1.58447,1.58479,1.35,1.50
2012.10.18 15:29:30.670,1.58446,1.58478,1.73,2.59
2012.10.18 15:29:30.981,1.58436,1.58468,1.50,1.50
2012.10.18 15:29:31.340,1.58447,1.5847,1.13,1.13
2012.10.18 15:29:31.460,1.58447,1.58478,1.35,1.50
2012.10.18 15:29:33.187,1.58446,1.5848,1.73,1.84
2012.10.18 15:29:37.200,1.58446,1.58478,1.73,1.50
2012.10.18 15:29:40.185,1.58447,1.58476,1.35,1.13
2012.10.18 15:29:40.311,1.58441,1.58468,1.09,1.50
2012.10.18 15:29:40.430,1.58446,1.58476,1.35,1.50
2012.10.18 15:29:40.669,1.58447,1.58478,1.69,1.50
2012.10.18 15:29:41.211,1.58447,1.58484,1.32,1.50
2012.10.18 15:29:41.450,1.58457,1.58486,1.09,1.50
2012.10.18 15:29:41.510,1.58468,1.58491,1.13,1.88
2012.10.18 15:29:41.571,1.58468,1.58493,1.13,3.00
2012.10.18 15:29:41.690,1.58468,1.58493,1.35,1.50
2012.10.18 15:29:41.750,1.58467,1.58498,1.73,1.50
2012.10.18 15:29:41.810,1.58467,1.58503,1.73,4.05
2012.10.18 15:29:42.169,1.58467,1.58498,1.73,1.50
2012.10.18 15:29:42.729,1.58467,1.58498,1.73,1.50
2012.10.18 15:29:43.419,1.58467,1.58498,1.73,1.50
2012.10.18 15:29:43.802,1.58468,1.58498,1.35,1.50
2012.10.18 15:29:43.983,1.58466,1.58494,1.73,1.50
2012.10.18 15:29:44.740,1.58466,1.58494,1.35,1.50
2012.10.18 15:29:45.299,1.58462,1.58494,1.73,1.50
2012.10.18 15:29:45.800,1.58462,1.58494,1.73,1.50
2012.10.18 15:29:45.933,1.58462,1.58494,1.73,1.50
2012.10.18 15:29:46.617,1.58463,1.58494,1.35,1.50
2012.10.18 15:29:46.919,1.58462,1.58488,1.13,1.50
2012.10.18 15:29:47.343,1.58462,1.58488,1.13,1.50
2012.10.18 15:29:47.580,1.58454,1.58484,1.13,1.50
2012.10.18 15:29:47.640,1.58446,1.58484,1.73,1.50
2012.10.18 15:29:47.701,1.5845,1.58486,1.38,1.50
2012.10.18 15:29:48.635,1.58452,1.58482,1.35,1.09
2012.10.18 15:29:48.706,1.58446,1.58481,1.73,1.50
2012.10.18 15:29:59.391,1.58452,1.58481,1.13,1.50
2012.10.18 15:29:59.571,1.58454,1.58484,1.35,1.50
2012.10.18 15:30:00.210,1.58453,1.58486,3.00,1.35
2012.10.18 15:30:00.570,1.58451,1.58484,1.73,1.13
2012.10.18 15:30:00.689,1.58454,1.58489,1.35,1.50
2012.10.18 15:30:01.090,1.58453,1.58489,1.35,1.50
2012.10.18 15:30:02.426,1.58451,1.58489,1.73,1.50
2012.10.18 15:30:02.550,1.58453,1.58489,1.35,1.50
2012.10.18 15:30:04.070,1.58456,1.58492,1.32,1.50
2012.10.18 15:30:04.190,1.58457,1.58488,1.13,1.50
2012.10.18 15:30:04.251,1.58457,1.58488,1.73,1.50
2012.10.18 15:30:04.490,1.58458,1.58494,1.35,1.50
2012.10.18 15:30:05.490,1.58458,1.58494,1.73,1.50
2012.10.18 15:30:06.160,1.58457,1.58489,1.73,1.50
2012.10.18 15:30:06.601,1.58458,1.58493,1.73,1.50
2012.10.18 15:30:07.343,1.58458,1.58493,1.35,1.50
2012.10.18 15:30:07.460,1.58456,1.58488,1.32,1.50
2012.10.18 15:30:07.520,1.58449,1.58488,2.48,1.50
2012.10.18 15:30:07.759,1.58449,1.58487,1.73,1.50
2012.10.18 15:30:08.060,1.58441,1.58474,2.25,1.13
2012.10.18 15:30:08.521,1.58436,1.58474,1.73,1.50
2012.10.18 15:30:09.307,1.58436,1.58474,3.23,1.50
2012.10.18 15:30:09.879,1.58436,1.58474,3.23,1.50
2012.10.18 15:30:10.850,1.58436,1.58474,1.73,1.50
2012.10.18 15:30:11.429,1.58438,1.58478,2.07,1.50
2012.10.18 15:30:11.983,1.58438,1.58478,2.82,1.50
2012.10.18 15:30:12.490,1.5844,1.58478,1.35,1.13
2012.10.18 15:30:14.480,1.58438,1.58478,2.07,1.13
2012.10.18 15:30:15.349,1.5844,1.58475,1.73,1.50
2012.10.18 15:30:15.471,1.58441,1.58478,1.35,1.13
2012.10.18 15:30:15.532,1.58441,1.58478,1.35,1.13
2012.10.18 15:30:16.060,1.58441,1.58476,1.35,1.50
2012.10.18 15:30:17.430,1.58442,1.58478,1.73,1.50
2012.10.18 15:30:17.550,1.58444,1.58478,1.73,1.50
2012.10.18 15:30:18.090,1.58445,1.58478,1.32,1.50
2012.10.18 15:30:18.275,1.58442,1.58477,1.69,1.50
2012.10.18 15:30:18.971,1.58438,1.58474,1.32,1.50
2012.10.18 15:30:19.090,1.58438,1.58474,1.32,1.50
2012.10.18 15:30:20.352,1.58437,1.58474,2.07,1.50
2012.10.18 15:30:20.435,1.58438,1.58474,1.32,1.50
2012.10.18 15:30:20.960,1.58438,1.58474,1.32,1.50
2012.10.18 15:30:21.263,1.58437,1.58474,1.32,1.50
2012.10.18 15:30:21.592,1.58437,1.58474,2.44,1.50
2012.10.18 15:30:21.830,1.58437,1.58474,2.07,1.50
2012.10.18 15:30:21.952,1.58438,1.58476,1.32,1.50
2012.10.18 15:30:22.070,1.58444,1.58478,1.13,1.50
2012.10.18 15:30:22.250,1.58442,1.58475,1.35,1.50
2012.10.18 15:30:22.312,1.58439,1.58475,1.73,1.88
2012.10.18 15:30:22.431,1.58442,1.58476,1.09,1.73
2012.10.18 15:30:22.850,1.58442,1.58475,1.32,1.13
2012.10.18 15:30:22.910,1.58442,1.58475,1.32,1.13
2012.10.18 15:30:23.410,1.58445,1.58478,1.09,1.50
2012.10.18 15:30:23.820,1.58442,1.58475,1.09,1.13
2012.10.18 15:30:23.942,1.58445,1.58478,1.09,1.50
2012.10.18 15:30:24.180,1.58442,1.58476,1.09,1.13
2012.10.18 15:30:24.999,1.58445,1.58479,1.09,1.73
2012.10.18 15:30:25.060,1.58442,1.58478,1.09,1.50
2012.10.18 15:30:25.389,1.58445,1.58479,1.09,1.73
2012.10.18 15:30:27.295,1.58445,1.58479,1.09,1.73
2012.10.18 15:30:27.988,1.58445,1.58479,1.09,1.50
2012.10.18 15:30:32.871,1.58445,1.58478,1.09,1.50
2012.10.18 15:30:33.050,1.58442,1.58477,1.47,1.50
2012.10.18 15:30:33.231,1.58442,1.58476,1.50,1.50
2012.10.18 15:30:33.350,1.58442,1.58479,1.13,1.73
2012.10.18 15:30:33.711,1.58442,1.58473,1.13,1.73
2012.10.18 15:30:34.531,1.58436,1.58469,1.47,1.50
2012.10.18 15:30:34.591,1.58436,1.58469,1.09,1.50
2012.10.18 15:30:35.580,1.58436,1.58471,1.09,2.25
2012.10.18 15:30:35.879,1.58436,1.58469,1.09,1.13
2012.10.18 15:30:37.545,1.58436,1.58467,1.09,1.50
2012.10.18 15:30:38.237,1.58436,1.58467,1.09,1.50
2012.10.18 15:30:38.542,1.58435,1.58473,1.09,2.10
2012.10.18 15:30:39.090,1.58432,1.58467,1.32,1.50
2012.10.18 15:30:39.152,1.58432,1.58467,1.32,1.50
2012.10.18 15:30:39.659,1.58432,1.58467,1.09,1.50
2012.10.18 15:30:39.859,1.58436,1.58467,1.50,1.13
2012.10.18 15:30:40.011,1.58432,1.58467,1.09,1.50
2012.10.18 15:30:40.410,1.58432,1.58467,1.09,1.50
2012.10.18 15:30:40.613,1.58432,1.58466,1.09,1.13
2012.10.18 15:30:42.009,1.58432,1.58467,1.09,1.50
2012.10.18 15:30:42.680,1.58432,1.58467,1.09,1.50
2012.10.18 15:30:43.359,1.58432,1.58467,1.09,1.50
2012.10.18 15:30:44.450,1.58432,1.58467,1.09,1.50
2012.10.18 15:30:46.738,1.58432,1.58466,1.09,1.13
2012.10.18 15:30:46.859,1.58432,1.58467,1.09,1.50
2012.10.18 15:30:47.395,1.58432,1.58467,1.09,1.50
2012.10.18 15:30:48.249,1.58432,1.58468,1.09,1.88
2012.10.18 15:30:54.480,1.58431,1.58467,1.32,1.50
2012.10.18 15:30:54.639,1.58432,1.58468,1.32,1.50
2012.10.18 15:30:55.180,1.58436,1.58468,1.13,1.13
2012.10.18 15:30:55.540,1.5844,1.58472,1.09,1.50
2012.10.18 15:30:56.119,1.58436,1.58469,1.47,1.50
2012.10.18 15:30:56.670,1.58437,1.58472,1.09,2.25
2012.10.18 15:30:58.519,1.5844,1.58473,1.09,1.50
2012.10.18 15:30:58.885,1.58438,1.58472,1.32,1.13
2012.10.18 15:30:59.211,1.5844,1.58473,1.84,1.50
2012.10.18 15:30:59.270,1.58443,1.58476,1.50,1.50
2012.10.18 15:31:00.301,1.58443,1.58478,1.50,1.73
2012.10.18 15:31:00.540,1.58445,1.5848,1.09,1.35
2012.10.18 15:31:03.555,1.58442,1.58478,1.50,1.73
2012.10.18 15:31:03.869,1.58436,1.58466,1.50,1.73
2012.10.18 15:31:04.191,1.58436,1.58466,1.50,1.73
2012.10.18 15:31:04.341,1.58429,1.58466,1.84,2.48
2012.10.18 15:31:04.470,1.58432,1.58465,1.09,1.35
2012.10.18 15:31:04.631,1.58428,1.58465,1.47,1.35
2012.10.18 15:31:07.608,1.58432,1.58466,1.09,1.73
2012.10.18 15:31:12.929,1.58431,1.58465,1.84,1.35
2012.10.18 15:31:13.640,1.58432,1.58465,1.09,1.35
2012.10.18 15:31:13.704,1.58429,1.58465,1.50,1.35
2012.10.18 15:31:14.009,1.58427,1.58465,3.94,1.35
2012.10.18 15:31:15.288,1.58427,1.58466,2.82,2.10
2012.10.18 15:31:15.357,1.58427,1.58465,3.19,1.35
2012.10.18 15:31:15.420,1.58427,1.58462,1.35,1.84
2012.10.18 15:31:15.950,1.58423,1.58456,1.09,1.73
2012.10.18 15:31:16.010,1.58425,1.58456,1.09,1.73
2012.10.18 15:31:16.129,1.58425,1.58458,1.84,1.50
2012.10.18 15:31:16.430,1.58425,1.58455,1.09,1.13
2012.10.18 15:31:19.953,1.58421,1.58455,1.73,1.50
2012.10.18 15:31:20.011,1.58418,1.58455,1.73,1.50
2012.10.18 15:31:20.190,1.58417,1.58455,2.25,1.73
2012.10.18 15:31:20.311,1.58418,1.58455,1.50,2.10
2012.10.18 15:31:20.450,1.58417,1.58455,1.88,2.10
2012.10.18 15:31:20.968,1.58417,1.58455,2.25,1.73
2012.10.18 15:31:21.339,1.58417,1.58455,2.59,1.73
2012.10.18 15:31:22.190,1.58421,1.58455,1.09,1.73
2012.10.18 15:31:24.271,1.58418,1.58454,1.50,1.50
2012.10.18 15:31:24.330,1.58418,1.58454,1.50,1.73
2012.10.18 15:31:25.210,1.58417,1.58453,1.88,1.73
2012.10.18 15:31:25.270,1.58417,1.58454,1.88,1.73
2012.10.18 15:31:25.698,1.58417,1.58453,1.88,1.73
2012.10.18 15:31:27.401,1.58417,1.58452,2.22,1.73
2012.10.18 15:31:28.561,1.58419,1.58454,1.09,1.73
2012.10.18 15:31:29.553,1.58417,1.58452,2.22,1.73
2012.10.18 15:31:29.673,1.58419,1.58454,1.09,1.73
2012.10.18 15:31:30.719,1.58417,1.58451,1.88,1.73
2012.10.18 15:31:30.780,1.58418,1.58453,1.50,1.73
2012.10.18 15:31:31.140,1.58417,1.58451,1.50,1.73
2012.10.18 15:31:32.135,1.58417,1.58451,1.13,1.73
2012.10.18 15:31:32.813,1.58417,1.58451,1.50,1.73
2012.10.18 15:31:33.491,1.58417,1.58451,1.13,1.73
2012.10.18 15:31:36.210,1.58417,1.58454,1.13,1.73
2012.10.18 15:31:36.340,1.58417,1.58454,1.50,1.73
2012.10.18 15:31:40.038,1.58422,1.58458,1.13,1.73
2012.10.18 15:31:40.270,1.58422,1.58454,1.13,1.73
2012.10.18 15:31:40.390,1.58422,1.58459,1.13,1.73
2012.10.18 15:31:40.653,1.58422,1.58454,1.50,1.73
2012.10.18 15:31:44.280,1.58422,1.58454,1.13,1.73
2012.10.18 15:31:49.099,1.58422,1.58453,1.50,1.50
2012.10.18 15:31:51.961,1.58422,1.58454,1.50,1.73
2012.10.18 15:31:54.059,1.58422,1.58453,1.50,1.50
2012.10.18 15:31:54.420,1.58418,1.58453,1.09,1.73
2012.10.18 15:31:54.948,1.58417,1.58451,1.47,1.73
2012.10.18 15:31:57.070,1.58417,1.58448,1.50,3.00
2012.10.18 15:31:57.410,1.58408,1.58443,1.13,1.73
2012.10.18 15:31:57.589,1.58407,1.5844,1.09,1.73
2012.10.18 15:32:00.299,1.58406,1.5844,1.84,1.73
2012.10.18 15:32:00.611,1.58407,1.58443,1.47,1.73
2012.10.18 15:32:02.098,1.58406,1.5844,1.84,1.73
2012.10.18 15:32:03.308,1.58407,1.58444,1.84,1.73
2012.10.18 15:32:04.500,1.58411,1.58444,1.50,1.73
2012.10.18 15:32:04.810,1.58411,1.58445,1.50,1.35
2012.10.18 15:32:04.930,1.58411,1.58444,1.50,1.73
2012.10.18 15:32:06.210,1.58411,1.58449,1.50,2.48
2012.10.18 15:32:06.569,1.58416,1.58448,1.84,1.73
2012.10.18 15:32:06.690,1.58412,1.58442,1.13,1.50
2012.10.18 15:32:06.811,1.58408,1.58441,1.09,1.73
2012.10.18 15:32:07.290,1.58408,1.5844,1.09,1.35
2012.10.18 15:32:07.366,1.58399,1.5843,3.00,1.73
2012.10.18 15:32:07.431,1.58401,1.58432,1.50,1.43
2012.10.18 15:32:07.490,1.58401,1.58437,1.73,1.13
2012.10.18 15:32:07.611,1.58407,1.58441,1.50,1.73
2012.10.18 15:32:07.670,1.58411,1.58444,1.50,1.73
2012.10.18 15:32:07.730,1.58411,1.58444,1.50,1.73
2012.10.18 15:32:09.891,1.58407,1.58441,1.50,1.50
2012.10.18 15:32:10.490,1.58407,1.58441,1.50,1.73
2012.10.18 15:32:10.900,1.58406,1.58441,1.13,1.73
2012.10.18 15:32:11.080,1.584,1.58429,3.75,1.73
2012.10.18 15:32:11.680,1.584,1.58429,3.00,1.73
2012.10.18 15:32:14.540,1.58399,1.58434,3.75,1.23
