2018.02.07 13:00:00.109,1.73977,1.74006,1.50,1.00
2018.02.07 13:00:00.211,1.73976,1.74005,1.00,1.78
2018.02.07 13:00:00.311,1.73974,1.74004,1.00,1.71
2018.02.07 13:00:00.387,1.73972,1.73996,1.00,1.00
2018.02.07 13:00:00.489,1.73969,1.73998,1.00,2.21
2018.02.07 13:00:01.133,1.73969,1.73995,1.00,1.00
2018.02.07 13:00:01.441,1.73965,1.73997,3.38,1.25
2018.02.07 13:00:01.631,1.73967,1.73997,1.44,1.31
2018.02.07 13:00:01.682,1.73968,1.73998,1.00,1.84
2018.02.07 13:00:02.505,1.73969,1.73998,1.00,1.84
2018.02.07 13:00:03.746,1.73964,1.73995,1.50,1.50
2018.02.07 13:00:04.052,1.73957,1.73988,1.00,1.84
2018.02.07 13:00:04.154,1.73953,1.73983,1.50,1.00
2018.02.07 13:00:04.466,1.73947,1.73976,1.00,1.00
2018.02.07 13:00:05.163,1.73947,1.73975,1.00,1.00
2018.02.07 13:00:05.714,1.73947,1.73974,1.00,1.00
2018.02.07 13:00:06.713,1.73949,1.73976,1.00,1.00
2018.02.07 13:00:07.021,1.73956,1.73983,1.00,1.00
2018.02.07 13:00:07.336,1.73954,1.73981,1.00,1.00
2018.02.07 13:00:07.591,1.7395,1.73978,1.00,1.00
2018.02.07 13:00:07.642,1.73948,1.73974,1.25,1.00
2018.02.07 13:00:08.248,1.73947,1.73975,1.00,1.00
2018.02.07 13:00:09.387,1.73946,1.73975,2.44,1.00
2018.02.07 13:00:10.286,1.73947,1.73975,1.50,1.00
2018.02.07 13:00:10.870,1.73946,1.73975,2.25,1.00
2018.02.07 13:00:11.546,1.73946,1.73974,1.50,1.00
2018.02.07 13:00:12.318,1.73946,1.73975,1.00,1.00
2018.02.07 13:00:12.874,1.73946,1.73973,1.00,1.00
2018.02.07 13:00:13.616,1.73946,1.73974,2.25,1.00
2018.02.07 13:00:14.226,1.73946,1.73975,2.25,1.00
2018.02.07 13:00:14.732,1.73947,1.73974,1.25,1.50
2018.02.07 13:00:15.247,1.73949,1.73974,1.50,1.00
2018.02.07 13:00:15.298,1.7395,1.73977,1.00,1.00
2018.02.07 13:00:15.350,1.73952,1.73977,1.00,1.00
2018.02.07 13:00:15.401,1.73954,1.7398,1.25,1.00
2018.02.07 13:00:15.453,1.73958,1.73982,1.00,1.00
2018.02.07 13:00:15.504,1.73957,1.73984,1.50,1.00
2018.02.07 13:00:15.826,1.73957,1.73986,1.00,1.00
2018.02.07 13:00:16.366,1.7396,1.73986,1.00,1.00
2018.02.07 13:00:16.879,1.7396,1.73987,1.00,1.00
2018.02.07 13:00:18.014,1.73958,1.73987,1.50,1.00
2018.02.07 13:00:18.339,1.73957,1.73985,1.50,1.00
2018.02.07 13:00:18.840,1.73958,1.73985,1.50,1.00
2018.02.07 13:00:19.395,1.73957,1.73985,1.69,1.00
2018.02.07 13:00:19.605,1.73957,1.73987,1.69,1.00
2018.02.07 13:00:20.203,1.73957,1.73986,1.69,1.00
2018.02.07 13:00:20.726,1.73957,1.73985,1.00,1.00
2018.02.07 13:00:20.936,1.73962,1.73985,1.00,1.00
2018.02.07 13:00:20.988,1.73963,1.73988,1.00,1.00
2018.02.07 13:00:21.112,1.73963,1.73991,1.50,1.00
2018.02.07 13:00:21.543,1.73964,1.73989,1.00,1.00
2018.02.07 13:00:22.349,1.7396,1.73989,1.00,1.50
2018.02.07 13:00:22.400,1.73957,1.73987,1.69,1.00
2018.02.07 13:00:22.966,1.73958,1.73986,1.00,1.00
2018.02.07 13:00:23.641,1.73957,1.73986,1.50,1.00
2018.02.07 13:00:24.525,1.73957,1.73987,1.50,1.00
2018.02.07 13:00:24.869,1.73961,1.73989,1.50,1.00
2018.02.07 13:00:25.579,1.7396,1.7399,1.50,1.00
2018.02.07 13:00:26.164,1.73964,1.7399,1.00,1.00
2018.02.07 13:00:26.576,1.73961,1.7399,1.00,1.84
2018.02.07 13:00:26.761,1.73959,1.73989,1.00,1.12
2018.02.07 13:00:26.863,1.73958,1.73987,1.00,1.00
2018.02.07 13:00:26.914,1.7396,1.7399,2.44,2.25
2018.02.07 13:00:26.965,1.73962,1.73991,1.00,1.50
2018.02.07 13:00:27.017,1.73963,1.73993,1.00,1.84
2018.02.07 13:00:27.068,1.73965,1.73993,1.25,1.00
2018.02.07 13:00:27.424,1.73965,1.73996,1.25,1.00
2018.02.07 13:00:27.904,1.73967,1.73995,1.25,1.00
2018.02.07 13:00:28.113,1.73964,1.73996,1.00,1.00
2018.02.07 13:00:28.216,1.73963,1.7399,1.50,1.00
2018.02.07 13:00:28.817,1.73964,1.7399,1.00,1.09
2018.02.07 13:00:28.919,1.73962,1.7399,1.00,1.09
2018.02.07 13:00:29.011,1.73962,1.73988,1.00,1.00
2018.02.07 13:00:29.116,1.73958,1.73988,1.50,1.00
2018.02.07 13:00:29.449,1.73961,1.73989,1.00,1.00
2018.02.07 13:00:29.892,1.7396,1.73987,1.00,1.00
2018.02.07 13:00:29.944,1.73958,1.73987,1.00,1.00
2018.02.07 13:00:30.047,1.73958,1.73984,1.00,1.00
2018.02.07 13:00:30.204,1.73959,1.73988,1.00,1.50
2018.02.07 13:00:30.256,1.73958,1.73985,1.00,1.00
2018.02.07 13:00:30.602,1.73957,1.73987,1.50,1.00
2018.02.07 13:00:31.115,1.73957,1.73986,1.50,1.00
2018.02.07 13:00:31.228,1.73957,1.73984,1.50,1.00
2018.02.07 13:00:31.761,1.73957,1.73983,1.00,1.00
2018.02.07 13:00:31.935,1.73955,1.73983,1.50,1.00
2018.02.07 13:00:32.213,1.73955,1.73981,1.00,1.00
2018.02.07 13:00:33.740,1.73955,1.73982,1.00,1.00
2018.02.07 13:00:33.935,1.73952,1.7398,1.69,1.00
2018.02.07 13:00:33.987,1.73954,1.7398,1.00,1.00
2018.02.07 13:00:34.038,1.7395,1.7398,1.00,1.00
2018.02.07 13:00:34.140,1.7395,1.73978,1.00,1.00
2018.02.07 13:00:34.878,1.73951,1.73978,1.00,1.00
2018.02.07 13:00:36.209,1.73953,1.73981,1.00,1.50
2018.02.07 13:00:36.592,1.73956,1.73985,1.50,2.21
2018.02.07 13:00:37.548,1.73955,1.73985,1.50,1.84
2018.02.07 13:00:37.890,1.73957,1.73985,1.25,1.00
2018.02.07 13:00:38.093,1.73958,1.73988,1.00,1.00
2018.02.07 13:00:38.640,1.73958,1.73989,2.44,1.50
2018.02.07 13:00:38.896,1.7396,1.73989,1.00,1.50
2018.02.07 13:00:40.264,1.73963,1.73989,1.00,1.00
2018.02.07 13:00:40.815,1.73963,1.73988,1.00,1.00
2018.02.07 13:00:40.926,1.73962,1.7399,1.00,1.25
2018.02.07 13:00:41.460,1.73961,1.7399,1.00,1.00
2018.02.07 13:00:41.613,1.73963,1.73994,1.00,1.50
2018.02.07 13:00:41.664,1.73967,1.73994,1.00,1.00
2018.02.07 13:00:42.003,1.73967,1.73996,1.00,1.25
2018.02.07 13:00:42.587,1.73966,1.73996,1.00,1.00
2018.02.07 13:00:43.209,1.73966,1.73996,1.00,2.63
2018.02.07 13:00:43.758,1.73965,1.73996,1.12,2.44
2018.02.07 13:00:44.308,1.73964,1.73994,1.00,1.00
2018.02.07 13:00:44.620,1.73967,1.73996,1.00,1.25
2018.02.07 13:00:44.976,1.7397,1.73997,1.00,1.00
2018.02.07 13:00:45.027,1.7397,1.74,1.50,1.69
2018.02.07 13:00:45.128,1.73971,1.74,1.44,1.50
2018.02.07 13:00:45.179,1.73972,1.74002,1.25,1.00
2018.02.07 13:00:45.541,1.73974,1.74003,1.44,1.00
2018.02.07 13:00:45.694,1.73973,1.74003,2.25,1.00
2018.02.07 13:00:45.753,1.73973,1.74005,2.25,2.03
2018.02.07 13:00:45.972,1.73976,1.74005,1.00,3.15
2018.02.07 13:00:46.606,1.73975,1.74004,1.00,1.00
2018.02.07 13:00:47.386,1.73973,1.74004,2.25,1.00
2018.02.07 13:00:47.437,1.73975,1.74005,1.50,1.00
2018.02.07 13:00:47.744,1.73976,1.74001,1.00,1.00
2018.02.07 13:00:47.824,1.73974,1.74001,1.00,1.00
2018.02.07 13:00:47.875,1.73971,1.73999,1.00,1.00
2018.02.07 13:00:47.976,1.73969,1.73999,1.25,1.00
2018.02.07 13:00:48.142,1.73971,1.73999,1.25,1.00
2018.02.07 13:00:48.193,1.73974,1.74003,1.00,1.69
2018.02.07 13:00:48.757,1.73973,1.74004,1.50,1.50
2018.02.07 13:00:49.289,1.73973,1.74003,1.50,1.00
2018.02.07 13:00:50.115,1.73974,1.74003,1.00,1.00
2018.02.07 13:00:50.490,1.73973,1.74,1.50,1.00
2018.02.07 13:00:50.592,1.73971,1.74,1.00,1.00
2018.02.07 13:00:51.223,1.73971,1.73999,1.00,1.00
2018.02.07 13:00:51.384,1.73974,1.73999,1.00,1.00
2018.02.07 13:00:53.081,1.73975,1.74,1.00,1.00
2018.02.07 13:00:53.607,1.73974,1.74,1.50,1.00
2018.02.07 13:00:54.246,1.73971,1.74,1.00,1.00
2018.02.07 13:00:58.116,1.73971,1.73997,1.00,1.00
2018.02.07 13:00:58.525,1.73969,1.73996,1.00,1.00
2018.02.07 13:00:58.577,1.73968,1.73993,1.00,1.00
2018.02.07 13:00:58.628,1.73965,1.73993,1.00,1.50
2018.02.07 13:00:58.780,1.73967,1.7399,1.00,1.00
2018.02.07 13:00:59.094,1.73963,1.7399,1.00,1.00
2018.02.07 13:01:00.632,1.73965,1.7399,1.25,1.00
2018.02.07 13:01:01.071,1.73964,1.73992,1.25,1.00
2018.02.07 13:01:01.173,1.73963,1.7399,1.12,1.00
2018.02.07 13:01:01.701,1.73964,1.7399,1.00,1.00
2018.02.07 13:01:01.803,1.73961,1.7399,2.06,1.00
2018.02.07 13:01:02.354,1.73961,1.73989,2.06,1.00
2018.02.07 13:01:03.804,1.73961,1.73988,2.06,1.00
2018.02.07 13:01:04.260,1.7396,1.73986,1.25,1.00
2018.02.07 13:01:04.413,1.73958,1.73985,1.25,1.00
2018.02.07 13:01:05.083,1.73958,1.73986,3.37,1.00
2018.02.07 13:01:05.295,1.73961,1.73989,1.31,1.00
2018.02.07 13:01:05.397,1.73963,1.7399,1.00,1.00
2018.02.07 13:01:05.701,1.73967,1.73993,1.00,1.00
2018.02.07 13:01:06.072,1.73967,1.7399,1.50,1.00
2018.02.07 13:01:06.629,1.73968,1.7399,1.00,1.00
2018.02.07 13:01:06.680,1.73968,1.73993,1.00,1.00
2018.02.07 13:01:06.782,1.73965,1.73993,1.50,1.00
2018.02.07 13:01:06.952,1.73965,1.73991,1.50,1.00
2018.02.07 13:01:07.255,1.73962,1.73988,1.00,1.00
2018.02.07 13:01:08.496,1.73962,1.73989,1.00,1.00
2018.02.07 13:01:09.207,1.73963,1.73989,1.00,1.00
2018.02.07 13:01:09.912,1.73962,1.7399,2.25,1.00
2018.02.07 13:01:10.015,1.73966,1.73994,1.00,1.00
2018.02.07 13:01:10.938,1.73967,1.73994,1.00,1.00
2018.02.07 13:01:11.547,1.73966,1.73994,1.00,1.00
2018.02.07 13:01:11.650,1.73967,1.73994,1.31,1.00
2018.02.07 13:01:12.018,1.73971,1.73998,1.00,1.50
2018.02.07 13:01:12.682,1.73975,1.73998,1.00,1.00
2018.02.07 13:01:12.735,1.73975,1.74001,1.44,1.00
2018.02.07 13:01:12.837,1.73975,1.74004,1.44,1.50
2018.02.07 13:01:13.719,1.73975,1.74004,1.25,1.50
2018.02.07 13:01:14.752,1.73977,1.74004,1.00,1.50
2018.02.07 13:01:15.388,1.73976,1.74004,1.69,1.50
2018.02.07 13:01:17.822,1.73975,1.74004,1.69,1.69
2018.02.07 13:01:18.128,1.73971,1.74,1.44,1.00
2018.02.07 13:01:18.836,1.73974,1.74,1.00,1.00
2018.02.07 13:01:19.414,1.73973,1.74,1.13,1.00
2018.02.07 13:01:20.269,1.73972,1.74,1.69,1.00
2018.02.07 13:01:21.463,1.73973,1.74,1.00,1.00
2018.02.07 13:01:21.840,1.73974,1.74,1.44,1.00
2018.02.07 13:01:21.993,1.73974,1.74003,1.44,1.00
2018.02.07 13:01:22.044,1.7398,1.74003,1.00,1.00
2018.02.07 13:01:22.095,1.73984,1.74009,1.00,1.00
2018.02.07 13:01:22.147,1.73985,1.74012,1.44,1.50
2018.02.07 13:01:22.425,1.73988,1.74013,1.44,1.00
2018.02.07 13:01:22.531,1.73992,1.7402,1.50,1.00
2018.02.07 13:01:22.633,1.73987,1.74018,1.88,1.00
2018.02.07 13:01:22.735,1.73985,1.74017,1.50,2.25
2018.02.07 13:01:22.786,1.73985,1.74014,1.25,1.00
2018.02.07 13:01:22.887,1.73982,1.74012,1.69,1.00
2018.02.07 13:01:22.938,1.7398,1.7401,2.63,1.00
2018.02.07 13:01:23.241,1.73988,1.74017,1.00,1.00
2018.02.07 13:01:23.577,1.73983,1.74012,1.44,1.00
2018.02.07 13:01:23.781,1.7398,1.7401,2.25,1.00
2018.02.07 13:01:23.884,1.73982,1.74009,1.00,1.00
2018.02.07 13:01:24.205,1.73981,1.74007,1.00,1.00
2018.02.07 13:01:24.713,1.73981,1.74006,1.00,1.00
2018.02.07 13:01:25.118,1.73977,1.74006,1.50,1.50
2018.02.07 13:01:25.829,1.73984,1.74007,1.25,1.00
2018.02.07 13:01:25.881,1.73985,1.74013,1.31,1.00
2018.02.07 13:01:25.932,1.73988,1.74016,1.00,1.00
2018.02.07 13:01:26.136,1.73986,1.74016,1.00,1.00
2018.02.07 13:01:26.377,1.7399,1.74016,1.00,1.00
2018.02.07 13:01:26.479,1.73987,1.74016,1.00,1.50
2018.02.07 13:01:26.582,1.73986,1.74013,1.00,1.00
2018.02.07 13:01:26.927,1.73988,1.74013,1.00,1.00
2018.02.07 13:01:27.451,1.73988,1.74012,1.00,1.00
2018.02.07 13:01:27.963,1.73987,1.74012,1.00,1.00
2018.02.07 13:01:28.014,1.73987,1.74015,1.00,1.00
2018.02.07 13:01:29.188,1.73988,1.74015,1.00,1.00
2018.02.07 13:01:29.846,1.73988,1.74016,1.00,1.00
2018.02.07 13:01:30.426,1.73987,1.74016,1.50,1.00
2018.02.07 13:01:30.975,1.73986,1.74016,1.25,1.00
2018.02.07 13:01:32.033,1.73987,1.74016,1.00,1.00
2018.02.07 13:01:32.995,1.73988,1.74016,1.00,1.00
2018.02.07 13:01:33.310,1.7399,1.74016,1.00,1.00
2018.02.07 13:01:33.362,1.73988,1.74016,1.00,1.00
2018.02.07 13:01:33.413,1.7399,1.74016,1.00,1.00
2018.02.07 13:01:33.929,1.73989,1.74016,1.00,1.00
2018.02.07 13:01:34.272,1.73998,1.74023,1.00,1.00
2018.02.07 13:01:34.712,1.73996,1.74023,1.00,1.00
2018.02.07 13:01:35.003,1.73996,1.74025,1.88,1.25
2018.02.07 13:01:35.522,1.73998,1.74026,1.00,1.00
2018.02.07 13:01:35.573,1.73999,1.74029,1.00,1.31
2018.02.07 13:01:36.099,1.74,1.74029,1.00,1.31
2018.02.07 13:01:37.968,1.73999,1.74029,1.00,1.31
2018.02.07 13:01:38.656,1.73998,1.74029,1.50,1.31
2018.02.07 13:01:39.757,1.73999,1.74029,1.00,1.69
2018.02.07 13:01:40.058,1.74001,1.74029,1.00,1.25
2018.02.07 13:01:40.416,1.74001,1.74031,1.50,1.25
2018.02.07 13:01:47.088,1.74001,1.7403,1.00,1.25
2018.02.07 13:01:47.139,1.73997,1.74028,1.50,1.25
2018.02.07 13:01:47.190,1.73997,1.74024,1.00,1.00
2018.02.07 13:01:47.240,1.73994,1.74024,1.00,1.00
2018.02.07 13:01:47.392,1.73993,1.74022,1.00,1.00
2018.02.07 13:01:48.127,1.73993,1.74024,1.00,1.69
2018.02.07 13:01:48.349,1.73992,1.74021,1.00,1.00
2018.02.07 13:01:48.401,1.7399,1.74021,1.00,1.00
2018.02.07 13:01:48.768,1.73992,1.74021,1.00,1.00
2018.02.07 13:01:49.714,1.73991,1.74021,1.87,1.00
2018.02.07 13:01:50.246,1.73992,1.74021,1.00,1.00
2018.02.07 13:01:52.114,1.73992,1.74021,1.88,1.50
2018.02.07 13:01:52.340,1.73999,1.74028,1.50,1.00
2018.02.07 13:01:52.558,1.73999,1.74031,1.50,2.59
2018.02.07 13:01:53.131,1.73999,1.74029,1.38,1.00
2018.02.07 13:01:53.293,1.73999,1.7403,1.69,1.09
2018.02.07 13:01:54.655,1.74,1.74031,1.69,2.59
2018.02.07 13:01:55.508,1.73999,1.74031,2.44,1.84
2018.02.07 13:01:55.949,1.74001,1.74031,1.00,1.34
2018.02.07 13:01:56.305,1.74001,1.74032,1.00,1.00
2018.02.07 13:01:56.357,1.74005,1.74034,1.00,1.00
2018.02.07 13:01:56.880,1.74001,1.74033,1.00,1.00
2018.02.07 13:01:57.348,1.74002,1.74032,1.00,2.06
2018.02.07 13:01:57.869,1.74001,1.74031,1.00,1.50
2018.02.07 13:01:58.137,1.73998,1.74029,1.50,1.50
2018.02.07 13:01:58.239,1.73998,1.74025,1.69,1.00
2018.02.07 13:01:58.601,1.73998,1.74029,2.81,1.50
2018.02.07 13:01:59.190,1.73998,1.74027,1.12,1.00
2018.02.07 13:01:59.407,1.73998,1.74029,1.12,1.00
2018.02.07 13:01:59.614,1.73998,1.74026,1.25,1.00
2018.02.07 13:02:00.149,1.73997,1.74027,1.13,1.00
2018.02.07 13:02:00.954,1.73999,1.74028,1.69,1.00
2018.02.07 13:02:02.182,1.74,1.74028,1.25,1.00
2018.02.07 13:02:02.583,1.73999,1.7403,2.44,1.00
2018.02.07 13:02:02.859,1.74001,1.74029,1.00,1.00
2018.02.07 13:02:02.910,1.73999,1.7403,2.44,1.00
2018.02.07 13:02:03.645,1.74,1.7403,1.00,1.00
2018.02.07 13:02:04.166,1.74,1.74029,1.69,1.00
2018.02.07 13:02:05.013,1.74,1.74031,1.69,1.00
2018.02.07 13:02:05.355,1.74003,1.74031,1.00,1.00
2018.02.07 13:02:05.458,1.74004,1.74033,1.00,1.00
2018.02.07 13:02:05.644,1.74,1.74031,1.50,1.00
2018.02.07 13:02:06.137,1.74001,1.74033,1.00,1.00
2018.02.07 13:02:06.717,1.74001,1.74032,2.63,1.25
2018.02.07 13:02:07.227,1.74001,1.74032,2.44,1.25
2018.02.07 13:02:07.381,1.74,1.74029,1.00,1.69
2018.02.07 13:02:07.589,1.73998,1.74028,1.00,1.69
2018.02.07 13:02:07.694,1.73999,1.74028,1.44,1.69
2018.02.07 13:02:08.326,1.73998,1.74028,2.63,1.00
2018.02.07 13:02:09.843,1.73998,1.74028,3.19,1.00
2018.02.07 13:02:10.627,1.73999,1.74028,1.69,1.00
2018.02.07 13:02:11.111,1.73997,1.74027,1.50,1.19
2018.02.07 13:02:11.415,1.73997,1.74023,1.00,1.00
2018.02.07 13:02:12.036,1.73997,1.74024,1.00,1.00
2018.02.07 13:02:12.552,1.73997,1.74025,1.00,1.00
2018.02.07 13:02:14.232,1.73993,1.74023,1.00,1.50
2018.02.07 13:02:14.284,1.73992,1.74022,1.44,2.06
2018.02.07 13:02:14.598,1.73993,1.74024,1.50,1.69
2018.02.07 13:02:15.007,1.73993,1.74023,1.25,2.06
2018.02.07 13:02:15.109,1.7399,1.74022,1.69,1.00
2018.02.07 13:02:15.161,1.7399,1.7402,1.00,1.00
2018.02.07 13:02:15.650,1.73988,1.74019,1.50,1.69
2018.02.07 13:02:15.752,1.7399,1.74019,1.00,1.50
2018.02.07 13:02:15.803,1.73988,1.74019,1.00,2.44
2018.02.07 13:02:16.162,1.73988,1.74017,1.00,1.00
2018.02.07 13:02:16.874,1.73984,1.74015,1.50,1.56
2018.02.07 13:02:17.197,1.73982,1.74011,1.25,1.00
2018.02.07 13:02:17.827,1.73983,1.74011,1.00,1.00
2018.02.07 13:02:18.330,1.73982,1.74011,1.00,1.00
2018.02.07 13:02:18.893,1.73983,1.74011,1.00,1.00
2018.02.07 13:02:19.242,1.73985,1.74011,1.00,1.00
2018.02.07 13:02:19.753,1.73984,1.74012,1.00,1.00
2018.02.07 13:02:20.249,1.73981,1.74012,1.00,1.00
2018.02.07 13:02:20.300,1.73979,1.7401,2.81,1.50
2018.02.07 13:02:21.387,1.73981,1.7401,1.00,1.00
2018.02.07 13:02:22.257,1.7398,1.7401,1.50,1.00
2018.02.07 13:02:22.987,1.73981,1.7401,1.00,1.00
2018.02.07 13:02:23.528,1.7398,1.7401,1.50,1.00
2018.02.07 13:02:24.485,1.73982,1.74012,1.25,1.00
2018.02.07 13:02:25.063,1.73984,1.74012,1.00,1.00
2018.02.07 13:02:25.114,1.73985,1.74015,1.88,1.09
2018.02.07 13:02:25.322,1.73991,1.74017,1.00,1.00
2018.02.07 13:02:25.926,1.7399,1.74017,1.00,1.00
2018.02.07 13:02:27.392,1.73991,1.74017,1.00,1.00
2018.02.07 13:02:28.101,1.7399,1.74017,1.00,1.00
2018.02.07 13:02:29.625,1.73989,1.74017,1.00,1.50
2018.02.07 13:02:29.727,1.7398,1.7401,1.00,1.50
2018.02.07 13:02:29.830,1.73978,1.74007,2.63,1.00
2018.02.07 13:02:30.209,1.73977,1.74007,1.00,1.00
2018.02.07 13:02:30.595,1.73977,1.74004,1.00,1.00
2018.02.07 13:02:31.105,1.73977,1.74006,1.00,1.00
2018.02.07 13:02:32.846,1.73978,1.74006,1.00,1.00
2018.02.07 13:02:33.400,1.73977,1.74006,1.00,1.00
2018.02.07 13:02:33.884,1.73975,1.74004,1.00,1.00
2018.02.07 13:02:34.315,1.73973,1.74,1.00,1.00
2018.02.07 13:02:35.518,1.73974,1.74001,1.00,1.00
2018.02.07 13:02:36.180,1.73973,1.74001,1.50,1.00
2018.02.07 13:02:36.880,1.7397,1.73994,1.87,1.00
2018.02.07 13:02:36.931,1.7397,1.73996,1.00,1.00
2018.02.07 13:02:36.982,1.73971,1.73998,1.50,1.00
2018.02.07 13:02:37.084,1.7397,1.73998,1.69,1.00
2018.02.07 13:02:37.135,1.73971,1.74002,1.00,1.00
2018.02.07 13:02:37.186,1.73971,1.73998,1.00,1.00
2018.02.07 13:02:37.288,1.73972,1.74002,1.25,1.50
2018.02.07 13:02:37.682,1.73976,1.74005,1.44,2.25
2018.02.07 13:02:37.886,1.73975,1.74004,1.13,2.25
2018.02.07 13:02:38.402,1.73975,1.74003,1.44,1.50
2018.02.07 13:02:39.232,1.73974,1.74003,1.25,1.00
2018.02.07 13:02:40.683,1.73975,1.74003,1.13,1.00
2018.02.07 13:02:41.273,1.73974,1.74003,1.13,1.00
2018.02.07 13:02:41.950,1.73973,1.74003,1.00,1.00
2018.02.07 13:02:42.001,1.73975,1.74003,1.00,1.00
2018.02.07 13:02:42.693,1.73975,1.74002,1.00,1.00
2018.02.07 13:02:43.282,1.73973,1.74001,2.63,1.00
2018.02.07 13:02:43.333,1.73973,1.74003,2.63,1.50
2018.02.07 13:02:43.384,1.73973,1.74001,1.25,1.00
2018.02.07 13:02:43.894,1.73973,1.74,1.50,1.00
2018.02.07 13:02:44.072,1.73973,1.74002,1.00,1.00
2018.02.07 13:02:44.836,1.73974,1.74003,1.50,1.50
2018.02.07 13:02:44.947,1.73976,1.74003,1.00,1.00
2018.02.07 13:02:45.049,1.73976,1.74005,1.00,1.00
2018.02.07 13:02:45.550,1.73976,1.74006,2.63,1.50
2018.02.07 13:02:46.068,1.73976,1.74006,1.69,1.50
2018.02.07 13:02:46.732,1.73977,1.74006,1.13,1.50
2018.02.07 13:02:46.935,1.73979,1.74006,1.00,1.50
2018.02.07 13:02:47.760,1.7398,1.74006,1.00,1.00
2018.02.07 13:02:47.811,1.73977,1.74006,1.50,1.00
2018.02.07 13:02:48.482,1.73978,1.74006,1.00,1.00
2018.02.07 13:02:49.846,1.73978,1.74004,1.00,1.00
2018.02.07 13:02:51.763,1.73978,1.74005,1.00,1.00
2018.02.07 13:02:52.147,1.73978,1.74003,1.00,1.00
2018.02.07 13:02:52.446,1.73978,1.74006,1.00,1.00
2018.02.07 13:02:54.441,1.73978,1.74007,1.00,1.00
2018.02.07 13:02:54.834,1.73978,1.74005,1.00,1.00
2018.02.07 13:02:59.008,1.73978,1.74004,1.00,1.00
2018.02.07 13:02:59.711,1.73977,1.74005,1.00,1.00
2018.02.07 13:03:00.420,1.73976,1.74005,1.00,1.00
2018.02.07 13:03:00.978,1.73977,1.74005,1.00,1.00
2018.02.07 13:03:01.181,1.73974,1.74005,1.69,1.50
2018.02.07 13:03:01.840,1.73974,1.74004,1.00,1.00
2018.02.07 13:03:02.300,1.73971,1.74,1.00,1.00
2018.02.07 13:03:02.842,1.7397,1.74,2.25,1.00
2018.02.07 13:03:04.112,1.73971,1.74,1.50,1.00
2018.02.07 13:03:04.266,1.73959,1.73989,1.50,1.00
2018.02.07 13:03:04.786,1.73962,1.73991,1.31,1.00
2018.02.07 13:03:04.840,1.73966,1.73994,1.25,1.00
2018.02.07 13:03:05.093,1.73964,1.73994,1.69,1.00
2018.02.07 13:03:05.633,1.73965,1.73995,1.00,1.00
2018.02.07 13:03:06.112,1.73967,1.73995,1.00,1.00
2018.02.07 13:03:06.214,1.73967,1.73997,1.00,1.50
2018.02.07 13:03:06.751,1.73967,1.73996,1.00,1.00
2018.02.07 13:03:07.238,1.73965,1.73995,1.00,1.00
2018.02.07 13:03:07.799,1.73963,1.73995,1.88,1.50
2018.02.07 13:03:07.952,1.73963,1.73995,1.00,2.06
2018.02.07 13:03:08.003,1.73963,1.73995,1.00,1.69
2018.02.07 13:03:08.098,1.73964,1.73995,1.00,2.06
2018.02.07 13:03:08.648,1.73963,1.73994,1.50,1.56
2018.02.07 13:03:09.160,1.73962,1.73994,2.63,1.31
2018.02.07 13:03:09.351,1.73964,1.73995,1.00,3.00
2018.02.07 13:03:09.759,1.73966,1.73995,1.00,1.12
2018.02.07 13:03:10.453,1.73966,1.73997,1.00,2.81
2018.02.07 13:03:10.725,1.73965,1.73997,1.50,2.06
2018.02.07 13:03:11.317,1.73965,1.73997,1.50,1.69
2018.02.07 13:03:11.840,1.73966,1.73997,1.00,3.00
2018.02.07 13:03:12.388,1.73965,1.73998,3.00,2.06
2018.02.07 13:03:12.549,1.73966,1.73997,1.69,1.31
2018.02.07 13:03:12.884,1.73965,1.73998,3.00,2.06
2018.02.07 13:03:13.486,1.73965,1.73998,1.50,3.15
2018.02.07 13:03:13.568,1.73965,1.73998,3.00,2.78
2018.02.07 13:03:13.619,1.73966,1.73998,3.00,2.81
2018.02.07 13:03:13.825,1.7397,1.73999,1.00,2.25
2018.02.07 13:03:13.954,1.73975,1.74005,1.00,2.44
2018.02.07 13:03:14.360,1.73974,1.74001,1.00,1.00
2018.02.07 13:03:14.462,1.73973,1.74003,2.44,1.00
2018.02.07 13:03:14.664,1.73973,1.74005,1.00,1.25
2018.02.07 13:03:14.766,1.73973,1.74005,1.56,1.00
2018.02.07 13:03:15.413,1.73976,1.74005,1.50,1.00
2018.02.07 13:03:16.075,1.73976,1.74007,1.50,1.84
2018.02.07 13:03:17.547,1.73976,1.74006,1.00,4.09
2018.02.07 13:03:18.098,1.73976,1.74006,1.50,1.28
2018.02.07 13:03:18.818,1.73978,1.74006,1.00,1.09
2018.02.07 13:03:21.311,1.73978,1.74007,1.00,1.00
2018.02.07 13:03:21.513,1.7397,1.74001,2.25,2.44
2018.02.07 13:03:21.564,1.7397,1.74001,1.50,2.81
2018.02.07 13:03:22.345,1.73969,1.74001,1.00,2.06
2018.02.07 13:03:22.882,1.73972,1.74001,1.00,1.69
2018.02.07 13:03:23.403,1.73971,1.74001,1.00,1.56
2018.02.07 13:03:23.963,1.7397,1.74001,1.00,1.69
2018.02.07 13:03:24.473,1.7397,1.74001,1.00,3.19
2018.02.07 13:03:25.008,1.73969,1.74001,1.00,1.69
2018.02.07 13:03:25.059,1.73974,1.74001,1.00,1.50
2018.02.07 13:03:25.111,1.73974,1.74003,1.50,1.25
2018.02.07 13:03:25.314,1.73977,1.74003,1.00,1.31
2018.02.07 13:03:26.124,1.73976,1.74003,1.00,1.25
2018.02.07 13:03:27.524,1.73975,1.74003,1.50,1.69
2018.02.07 13:03:27.625,1.73973,1.74001,1.00,1.31
2018.02.07 13:03:27.957,1.73973,1.74001,1.00,1.94
2018.02.07 13:03:28.428,1.73971,1.74001,1.00,2.44
2018.02.07 13:03:29.364,1.73971,1.74001,1.00,2.44
2018.02.07 13:03:29.469,1.73969,1.73998,1.50,1.13
2018.02.07 13:03:29.521,1.73967,1.73995,1.00,1.46
2018.02.07 13:03:29.869,1.73965,1.73994,1.00,2.44
2018.02.07 13:03:29.921,1.73966,1.73994,1.00,1.88
2018.02.07 13:03:29.972,1.73966,1.73994,1.00,1.94
2018.02.07 13:03:30.500,1.73965,1.73994,1.00,1.69
2018.02.07 13:03:30.689,1.73966,1.73996,1.00,2.03
2018.02.07 13:03:30.945,1.73965,1.73996,1.50,1.65
2018.02.07 13:03:31.429,1.73965,1.73996,1.00,1.94
2018.02.07 13:03:31.941,1.73963,1.73993,1.50,1.75
2018.02.07 13:03:32.489,1.73963,1.73994,1.50,1.69
2018.02.07 13:03:32.540,1.73967,1.73994,1.00,1.00
2018.02.07 13:03:32.642,1.73967,1.73996,1.00,1.28
2018.02.07 13:03:32.694,1.73972,1.73999,1.50,1.00
2018.02.07 13:03:33.027,1.73976,1.74002,1.00,1.00
2018.02.07 13:03:33.344,1.73974,1.74004,1.00,1.44
2018.02.07 13:03:33.927,1.73974,1.74005,1.00,1.88
2018.02.07 13:03:33.978,1.73974,1.74001,1.00,1.00
2018.02.07 13:03:34.562,1.73974,1.74003,1.00,1.00
2018.02.07 13:03:35.653,1.73974,1.74002,1.00,1.44
2018.02.07 13:03:35.704,1.73972,1.74003,1.50,1.88
2018.02.07 13:03:37.214,1.7397,1.74001,1.00,1.34
2018.02.07 13:03:37.896,1.7397,1.73999,1.00,2.06
2018.02.07 13:03:37.946,1.73969,1.74,1.00,3.53
2018.02.07 13:03:38.048,1.73969,1.74,1.38,1.09
2018.02.07 13:03:38.098,1.73969,1.74,1.00,1.09
2018.02.07 13:03:39.021,1.7397,1.74001,1.25,1.84
2018.02.07 13:03:39.525,1.73969,1.74,1.00,1.09
2018.02.07 13:03:40.057,1.73971,1.74001,1.00,1.34
2018.02.07 13:03:41.351,1.73972,1.74002,1.00,1.84
2018.02.07 13:03:41.730,1.73974,1.74003,1.00,1.84
2018.02.07 13:03:41.942,1.73975,1.74004,1.00,2.25
2018.02.07 13:03:43.155,1.73973,1.74004,1.69,1.00
2018.02.07 13:03:44.481,1.73974,1.74004,1.00,1.50
2018.02.07 13:03:44.989,1.73978,1.74006,1.00,1.00
2018.02.07 13:03:45.090,1.73977,1.74008,1.50,1.00
2018.02.07 13:03:45.192,1.73977,1.7401,3.19,2.25
2018.02.07 13:03:45.242,1.73978,1.7401,1.38,2.25
2018.02.07 13:03:46.636,1.7398,1.7401,1.44,1.00
2018.02.07 13:03:46.941,1.73987,1.74016,1.00,1.50
2018.02.07 13:03:47.170,1.73985,1.74015,1.00,1.25
2018.02.07 13:03:47.425,1.73984,1.74012,1.00,1.00
2018.02.07 13:03:47.971,1.73983,1.74012,1.50,1.09
2018.02.07 13:03:48.399,1.73981,1.74012,1.00,3.53
2018.02.07 13:03:48.450,1.73981,1.74009,1.00,1.44
2018.02.07 13:03:49.052,1.7398,1.74008,1.00,1.00
2018.02.07 13:03:49.487,1.7398,1.74011,1.50,1.25
2018.02.07 13:03:49.589,1.73982,1.74011,1.00,1.25
2018.02.07 13:03:50.140,1.73982,1.74012,1.50,1.28
2018.02.07 13:03:50.452,1.73979,1.74011,1.50,1.65
2018.02.07 13:03:51.033,1.73979,1.7401,1.00,1.56
2018.02.07 13:03:51.668,1.73979,1.74007,1.00,1.31
2018.02.07 13:03:51.719,1.73979,1.74009,1.50,1.31
2018.02.07 13:03:51.924,1.73977,1.74006,1.00,1.00
2018.02.07 13:03:52.179,1.73977,1.74009,1.50,2.63
2018.02.07 13:03:53.024,1.73978,1.74008,1.00,1.00
2018.02.07 13:03:53.203,1.73978,1.74007,1.00,1.31
2018.02.07 13:03:53.762,1.73977,1.74009,1.50,2.06
2018.02.07 13:03:54.276,1.73978,1.74009,1.00,1.31
2018.02.07 13:03:54.903,1.73979,1.74011,1.00,2.06
2018.02.07 13:03:55.170,1.73976,1.74006,1.50,1.50
2018.02.07 13:03:55.436,1.73973,1.74004,1.00,1.00
2018.02.07 13:03:55.816,1.73973,1.74002,1.00,1.00
2018.02.07 13:03:56.235,1.73973,1.74005,1.69,1.25
2018.02.07 13:03:56.665,1.73973,1.74003,1.25,1.00
2018.02.07 13:03:56.910,1.73973,1.74005,1.69,1.25
2018.02.07 13:03:57.565,1.73973,1.74004,1.69,1.00
2018.02.07 13:03:57.830,1.73974,1.74002,1.00,1.25
2018.02.07 13:03:58.033,1.73973,1.74004,1.50,1.25
2018.02.07 13:03:59.058,1.73973,1.74003,1.50,1.00
2018.02.07 13:03:59.262,1.73975,1.74003,1.00,1.00
2018.02.07 13:03:59.681,1.73973,1.74002,1.88,1.00
2018.02.07 13:04:00.061,1.73974,1.74006,1.00,2.63
2018.02.07 13:04:00.112,1.73976,1.74006,1.00,1.00
2018.02.07 13:04:00.163,1.73978,1.74009,1.00,1.25
2018.02.07 13:04:00.214,1.7398,1.74009,1.00,1.25
2018.02.07 13:04:00.735,1.73981,1.74009,1.00,3.00
2018.02.07 13:04:01.443,1.73981,1.74009,1.00,1.25
2018.02.07 13:04:03.905,1.73983,1.74011,1.00,1.28
2018.02.07 13:04:04.097,1.73984,1.74013,1.00,1.25
2018.02.07 13:04:04.353,1.73984,1.74011,1.00,1.00
2018.02.07 13:04:04.862,1.73985,1.7401,1.00,1.00
2018.02.07 13:04:06.577,1.73988,1.7401,1.00,1.00
2018.02.07 13:04:07.525,1.73988,1.74005,1.00,1.00
2018.02.07 13:04:07.855,1.73985,1.74005,1.00,1.00
2018.02.07 13:04:08.007,1.73983,1.74006,1.00,1.00
2018.02.07 13:04:08.234,1.73978,1.74006,1.00,1.00
2018.02.07 13:04:08.873,1.73978,1.74005,1.50,1.00
2018.02.07 13:04:09.160,1.73976,1.74005,1.25,1.00
2018.02.07 13:04:09.262,1.73979,1.74003,1.00,1.00
2018.02.07 13:04:09.313,1.73981,1.74009,1.31,1.50
2018.02.07 13:04:09.365,1.73985,1.74013,1.00,1.00
2018.02.07 13:04:09.518,1.73988,1.74013,1.00,1.00
2018.02.07 13:04:09.621,1.73986,1.74012,1.00,1.25
2018.02.07 13:04:10.122,1.73986,1.74013,1.00,1.69
2018.02.07 13:04:10.627,1.73985,1.74013,1.00,1.69
2018.02.07 13:04:10.964,1.73987,1.74012,1.00,1.25
2018.02.07 13:04:11.497,1.73987,1.7401,1.00,1.00
2018.02.07 13:04:11.600,1.73983,1.7401,1.00,1.00
2018.02.07 13:04:11.651,1.73983,1.74008,1.00,1.00
2018.02.07 13:04:11.702,1.73983,1.7401,1.00,1.00
2018.02.07 13:04:12.381,1.73982,1.74009,1.00,1.00
2018.02.07 13:04:12.921,1.73983,1.7401,1.00,1.00
2018.02.07 13:04:13.472,1.73982,1.7401,1.00,1.00
2018.02.07 13:04:14.105,1.73982,1.74009,1.00,1.00
2018.02.07 13:04:14.823,1.73981,1.74009,1.00,1.00
2018.02.07 13:04:15.118,1.73981,1.74008,1.00,1.34
2018.02.07 13:04:16.040,1.73979,1.74008,1.00,1.34
2018.02.07 13:04:16.630,1.73979,1.74003,1.00,1.00
2018.02.07 13:04:16.733,1.73976,1.74003,1.00,1.50
2018.02.07 13:04:16.784,1.73976,1.74001,1.00,1.00
2018.02.07 13:04:19.249,1.73976,1.74003,1.00,1.84
2018.02.07 13:04:20.515,1.73973,1.74002,1.00,1.09
2018.02.07 13:04:22.135,1.73976,1.74005,1.00,1.00
2018.02.07 13:04:22.442,1.73982,1.74011,2.62,1.00
2018.02.07 13:04:22.767,1.73987,1.74011,1.00,1.00
2018.02.07 13:04:23.072,1.7399,1.74011,1.00,1.00
2018.02.07 13:04:23.174,1.7399,1.74014,1.00,1.00
2018.02.07 13:04:23.277,1.73988,1.74014,1.00,1.00
2018.02.07 13:04:23.422,1.73984,1.74013,1.00,1.00
2018.02.07 13:04:23.778,1.73985,1.74015,1.50,1.00
2018.02.07 13:04:24.105,1.73988,1.74015,1.00,1.00
2018.02.07 13:04:24.766,1.73987,1.74014,1.00,1.00
2018.02.07 13:04:25.360,1.73988,1.74015,1.00,1.69
2018.02.07 13:04:25.914,1.73989,1.74015,1.00,1.69
2018.02.07 13:04:27.174,1.73989,1.74015,1.00,1.31
2018.02.07 13:04:27.693,1.73989,1.74015,1.00,1.00
2018.02.07 13:04:27.907,1.73989,1.74017,1.00,1.50
2018.02.07 13:04:28.856,1.73988,1.74017,1.00,1.00
2018.02.07 13:04:29.536,1.73988,1.74016,1.00,1.00
2018.02.07 13:04:29.587,1.73988,1.74014,1.00,1.00
2018.02.07 13:04:30.123,1.73989,1.74014,1.00,1.00
2018.02.07 13:04:30.175,1.73991,1.74018,1.00,1.84
2018.02.07 13:04:30.488,1.73994,1.7402,1.00,1.00
2018.02.07 13:04:30.641,1.73996,1.74024,1.00,1.00
2018.02.07 13:04:31.236,1.73995,1.74024,1.00,1.00
2018.02.07 13:04:31.767,1.73995,1.74023,1.00,1.00
2018.02.07 13:04:31.869,1.73995,1.74021,1.00,1.50
2018.02.07 13:04:32.421,1.73995,1.74023,1.00,1.31
2018.02.07 13:04:32.787,1.73995,1.7402,1.00,1.34
2018.02.07 13:04:32.839,1.73989,1.74017,1.25,1.00
2018.02.07 13:04:33.042,1.73987,1.74016,1.00,1.00
2018.02.07 13:04:33.587,1.73986,1.74017,1.00,1.50
2018.02.07 13:04:34.092,1.73986,1.74016,1.00,1.56
2018.02.07 13:04:34.630,1.73985,1.74015,1.50,1.31
2018.02.07 13:04:35.284,1.73984,1.74016,1.50,1.56
2018.02.07 13:04:35.813,1.73985,1.74015,1.00,1.94
2018.02.07 13:04:35.863,1.73982,1.74011,1.00,1.25
2018.02.07 13:04:35.965,1.7398,1.74011,1.00,2.06
2018.02.07 13:04:36.118,1.73976,1.74006,1.50,1.25
2018.02.07 13:04:36.372,1.73977,1.74002,1.00,1.00
2018.02.07 13:04:36.423,1.73975,1.74002,1.00,1.00
2018.02.07 13:04:36.626,1.73973,1.74002,1.50,1.00
2018.02.07 13:04:37.143,1.73974,1.74002,1.25,1.00
2018.02.07 13:04:37.300,1.73977,1.74002,1.00,1.00
2018.02.07 13:04:38.026,1.73976,1.74002,1.00,1.00
2018.02.07 13:04:38.247,1.73976,1.74006,1.00,1.19
2018.02.07 13:04:38.592,1.73975,1.74002,1.50,1.00
2018.02.07 13:04:39.136,1.73975,1.74005,1.50,1.19
2018.02.07 13:04:39.709,1.73977,1.74004,1.00,1.25
2018.02.07 13:04:40.030,1.73979,1.74006,1.00,1.19
2018.02.07 13:04:40.376,1.73981,1.74006,1.00,1.00
2018.02.07 13:04:40.749,1.73979,1.74006,1.00,1.00
2018.02.07 13:04:41.467,1.73978,1.74006,1.00,1.00
2018.02.07 13:04:42.149,1.73979,1.74006,1.00,1.00
2018.02.07 13:04:42.781,1.73979,1.74005,1.00,1.00
2018.02.07 13:04:43.419,1.73976,1.74005,1.00,1.00
2018.02.07 13:04:44.013,1.73975,1.74003,1.00,1.00
2018.02.07 13:04:44.065,1.73966,1.73995,1.00,1.00
2018.02.07 13:04:44.117,1.73966,1.73995,1.37,1.00
2018.02.07 13:04:44.169,1.7397,1.73997,1.31,1.00
2018.02.07 13:04:44.689,1.73971,1.73998,1.00,1.00
2018.02.07 13:04:44.938,1.7397,1.74,1.31,1.00
2018.02.07 13:04:44.988,1.73972,1.74002,1.00,1.00
2018.02.07 13:04:46.321,1.73973,1.74002,1.00,1.00
2018.02.07 13:04:47.248,1.73973,1.74001,1.00,1.00
2018.02.07 13:04:47.798,1.73973,1.74002,1.00,1.00
2018.02.07 13:04:48.306,1.73973,1.74003,1.25,1.69
2018.02.07 13:04:51.091,1.73975,1.74003,1.00,1.69
2018.02.07 13:04:51.355,1.73973,1.74003,1.00,1.50
2018.02.07 13:04:51.875,1.73974,1.74001,1.00,1.00
2018.02.07 13:04:51.985,1.73974,1.74003,1.00,3.19
2018.02.07 13:04:52.529,1.73972,1.74003,1.50,2.44
2018.02.07 13:04:53.057,1.73973,1.74003,1.00,2.44
2018.02.07 13:04:53.744,1.73973,1.74003,1.69,2.06
2018.02.07 13:04:53.796,1.73977,1.74003,1.00,1.00
2018.02.07 13:04:53.950,1.73974,1.74003,1.25,1.00
2018.02.07 13:04:54.578,1.73973,1.74003,1.00,1.00
2018.02.07 13:04:54.953,1.73973,1.74,1.00,1.00
2018.02.07 13:04:55.004,1.73973,1.74003,1.00,1.00
2018.02.07 13:04:55.900,1.73974,1.74003,1.00,1.00
2018.02.07 13:04:58.258,1.73976,1.74003,1.00,1.00
2018.02.07 13:04:58.414,1.73977,1.74006,1.13,1.50
2018.02.07 13:04:58.962,1.73976,1.74003,1.00,1.00
2018.02.07 13:04:59.064,1.73974,1.74003,1.00,1.00
2018.02.07 13:04:59.603,1.73975,1.74003,1.00,1.00
2018.02.07 13:05:00.252,1.73975,1.74004,1.00,1.00
2018.02.07 13:05:00.404,1.73976,1.74006,1.00,1.25
2018.02.07 13:05:01.206,1.73978,1.74007,2.06,1.00
2018.02.07 13:05:01.257,1.7398,1.7401,1.69,1.00
2018.02.07 13:05:01.410,1.73982,1.74014,1.31,2.25
2018.02.07 13:05:01.923,1.73984,1.74014,1.69,1.69
2018.02.07 13:05:02.438,1.73984,1.74014,1.31,1.00
2018.02.07 13:05:02.540,1.73987,1.74014,1.13,1.00
2018.02.07 13:05:02.591,1.73986,1.74016,1.00,1.50
2018.02.07 13:05:03.147,1.73985,1.74016,1.50,1.50
2018.02.07 13:05:03.248,1.73984,1.74012,1.25,1.00
2018.02.07 13:05:03.975,1.73984,1.74015,1.25,1.00
2018.02.07 13:05:04.511,1.73984,1.74016,1.88,2.25
2018.02.07 13:05:05.085,1.73985,1.74015,1.00,1.25
2018.02.07 13:05:05.812,1.73984,1.74015,1.00,1.25
2018.02.07 13:05:06.021,1.73979,1.74007,1.50,1.00
2018.02.07 13:05:06.072,1.73976,1.74005,1.25,1.00
2018.02.07 13:05:06.174,1.73974,1.74005,1.25,1.00
2018.02.07 13:05:06.582,1.73976,1.74005,1.00,1.00
2018.02.07 13:05:07.119,1.73977,1.74005,1.00,1.25
2018.02.07 13:05:07.691,1.73976,1.74005,1.00,1.00
2018.02.07 13:05:07.793,1.73977,1.74008,1.00,1.00
2018.02.07 13:05:09.231,1.73979,1.74008,1.00,1.00
2018.02.07 13:05:09.746,1.73978,1.74008,1.50,1.00
2018.02.07 13:05:10.269,1.73979,1.74008,1.00,1.50
2018.02.07 13:05:11.082,1.73978,1.74008,1.00,1.50
2018.02.07 13:05:11.349,1.73982,1.74013,1.50,1.00
2018.02.07 13:05:11.888,1.73983,1.74011,1.00,1.00
2018.02.07 13:05:12.160,1.73983,1.74013,1.00,3.19
2018.02.07 13:05:12.211,1.73986,1.74013,1.00,1.50
2018.02.07 13:05:12.488,1.73982,1.74012,1.50,1.00
2018.02.07 13:05:13.189,1.73982,1.74012,1.00,1.88
2018.02.07 13:05:15.869,1.73986,1.74012,1.00,1.00
2018.02.07 13:05:15.971,1.73984,1.74013,1.50,1.00
2018.02.07 13:05:16.256,1.73984,1.74015,1.50,1.00
2018.02.07 13:05:16.830,1.73985,1.74016,1.00,2.44
2018.02.07 13:05:17.046,1.73989,1.74017,1.00,1.00
2018.02.07 13:05:17.148,1.73989,1.7402,2.25,1.25
2018.02.07 13:05:17.735,1.7399,1.7402,1.00,1.00
2018.02.07 13:05:17.888,1.73993,1.7402,1.00,1.00
2018.02.07 13:05:17.939,1.73989,1.7402,1.50,1.25
2018.02.07 13:05:18.041,1.73989,1.74019,1.00,2.06
2018.02.07 13:05:18.449,1.73986,1.74015,1.50,1.00
2018.02.07 13:05:18.500,1.73984,1.74015,1.50,1.00
2018.02.07 13:05:18.957,1.73986,1.74011,1.00,1.00
2018.02.07 13:05:19.418,1.73986,1.74015,1.00,1.25
2018.02.07 13:05:20.027,1.73986,1.74014,1.00,1.00
2018.02.07 13:05:20.434,1.73984,1.74013,1.00,1.00
2018.02.07 13:05:20.924,1.73987,1.74015,1.00,1.00
2018.02.07 13:05:21.759,1.73987,1.74018,1.00,2.63
2018.02.07 13:05:22.366,1.73986,1.74017,1.69,1.00
2018.02.07 13:05:22.881,1.73987,1.74016,1.25,1.50
2018.02.07 13:05:23.643,1.73986,1.74016,1.69,1.00
2018.02.07 13:05:23.909,1.73989,1.74018,1.00,1.25
2018.02.07 13:05:24.425,1.73989,1.7402,1.50,1.00
2018.02.07 13:05:24.477,1.73993,1.7402,1.00,1.25
2018.02.07 13:05:24.579,1.73991,1.7402,1.50,1.00
2018.02.07 13:05:25.361,1.7399,1.7402,1.00,1.00
2018.02.07 13:05:26.070,1.73991,1.7402,1.00,1.50
2018.02.07 13:05:26.310,1.73994,1.74023,1.38,1.25
2018.02.07 13:05:26.412,1.73993,1.74025,2.44,1.44
2018.02.07 13:05:26.639,1.73994,1.74025,1.38,2.44
2018.02.07 13:05:26.844,1.73993,1.74026,2.44,3.94
2018.02.07 13:05:27.047,1.73994,1.74024,1.00,1.50
2018.02.07 13:05:27.352,1.73996,1.74024,1.00,1.25
2018.02.07 13:05:27.658,1.73993,1.74025,2.25,1.69
2018.02.07 13:05:28.544,1.73994,1.74024,1.00,1.25
2018.02.07 13:05:28.595,1.73993,1.74026,2.44,2.44
2018.02.07 13:05:28.698,1.73993,1.74024,1.50,1.25
2018.02.07 13:05:29.054,1.73993,1.74022,1.00,1.00
2018.02.07 13:05:29.432,1.73993,1.7402,1.00,1.00
2018.02.07 13:05:30.004,1.73991,1.7402,1.00,1.00
2018.02.07 13:05:30.555,1.7399,1.7402,1.00,1.00
2018.02.07 13:05:31.084,1.7399,1.74022,2.06,2.25
2018.02.07 13:05:31.590,1.73994,1.74021,1.00,1.00
2018.02.07 13:05:32.092,1.73994,1.74022,1.00,1.00
2018.02.07 13:05:32.619,1.73993,1.74022,1.00,1.50
2018.02.07 13:05:32.956,1.73989,1.74019,3.19,1.00
2018.02.07 13:05:33.388,1.73989,1.74015,1.00,1.00
2018.02.07 13:05:33.718,1.73988,1.74018,1.00,1.00
2018.02.07 13:05:35.337,1.73988,1.74019,2.25,1.00
2018.02.07 13:05:35.439,1.7399,1.74019,1.25,1.00
2018.02.07 13:05:35.491,1.7399,1.74022,1.69,1.00
2018.02.07 13:05:35.994,1.7399,1.74021,2.81,1.00
2018.02.07 13:05:36.524,1.7399,1.74022,1.69,1.50
2018.02.07 13:05:37.923,1.7399,1.74021,1.25,1.00
2018.02.07 13:05:38.745,1.7399,1.74022,1.00,1.50
2018.02.07 13:05:42.257,1.73991,1.74021,1.00,1.00
2018.02.07 13:05:42.834,1.7399,1.74022,2.25,1.00
2018.02.07 13:05:43.243,1.73992,1.74022,1.00,1.00
2018.02.07 13:05:43.705,1.7399,1.74022,1.50,1.00
2018.02.07 13:05:44.021,1.7399,1.74022,1.88,1.00
2018.02.07 13:05:44.421,1.7399,1.74021,1.69,1.00
2018.02.07 13:05:45.106,1.7399,1.74022,1.50,1.00
2018.02.07 13:05:45.950,1.7399,1.74021,3.19,1.00
2018.02.07 13:05:46.471,1.7399,1.74022,1.50,1.00
2018.02.07 13:05:50.038,1.7399,1.7402,1.00,1.25
2018.02.07 13:05:51.568,1.73989,1.74019,1.00,1.00
2018.02.07 13:05:52.086,1.73988,1.74018,1.69,1.00
2018.02.07 13:05:52.721,1.73988,1.74019,1.50,2.25
2018.02.07 13:05:53.840,1.73986,1.74016,2.63,1.00
2018.02.07 13:05:53.892,1.73985,1.74015,1.50,1.00
2018.02.07 13:05:54.172,1.73988,1.74016,1.00,1.00
2018.02.07 13:05:55.439,1.73989,1.74016,1.00,1.00
2018.02.07 13:05:56.067,1.73989,1.7402,2.25,1.69
2018.02.07 13:05:56.775,1.73989,1.74019,1.00,1.25
2018.02.07 13:05:57.305,1.73989,1.7402,2.25,1.25
2018.02.07 13:05:57.810,1.7399,1.74016,1.00,1.00
2018.02.07 13:05:57.966,1.73991,1.7402,1.00,1.31
2018.02.07 13:05:58.017,1.73989,1.7402,2.25,1.25
2018.02.07 13:05:58.068,1.73992,1.7402,1.00,1.00
2018.02.07 13:05:58.509,1.7399,1.74019,1.50,1.00
2018.02.07 13:05:58.863,1.73987,1.74018,1.88,1.00
2018.02.07 13:05:59.514,1.73989,1.74018,1.00,1.00
2018.02.07 13:06:00.233,1.7399,1.74019,1.00,1.00
2018.02.07 13:06:00.788,1.73989,1.7402,1.00,2.44
2018.02.07 13:06:00.839,1.73989,1.74018,1.50,1.00
2018.02.07 13:06:01.031,1.73989,1.7402,1.00,1.50
2018.02.07 13:06:01.592,1.73989,1.74018,1.00,1.00
2018.02.07 13:06:04.117,1.73989,1.74019,1.00,2.44
2018.02.07 13:06:04.671,1.73989,1.74018,1.00,1.25
2018.02.07 13:06:06.151,1.73989,1.74019,1.00,1.50
2018.02.07 13:06:07.706,1.73989,1.74018,1.00,1.00
2018.02.07 13:06:07.854,1.73987,1.74018,1.25,1.50
2018.02.07 13:06:08.651,1.73988,1.74018,1.00,1.50
2018.02.07 13:06:09.933,1.73988,1.74016,1.00,1.00
2018.02.07 13:06:11.202,1.73987,1.74017,1.69,1.00
2018.02.07 13:06:11.742,1.73987,1.74018,1.00,1.00
2018.02.07 13:06:12.287,1.73988,1.74018,1.00,1.00
2018.02.07 13:06:12.757,1.73987,1.74015,1.44,1.00
2018.02.07 13:06:13.241,1.73987,1.74018,1.25,1.00
2018.02.07 13:06:13.394,1.7399,1.74018,1.00,1.00
2018.02.07 13:06:13.799,1.7399,1.74015,1.00,1.00
2018.02.07 13:06:13.850,1.73988,1.74015,1.25,1.00
2018.02.07 13:06:14.169,1.73989,1.74018,1.00,1.50
2018.02.07 13:06:15.948,1.73989,1.74017,1.00,1.00
2018.02.07 13:06:18.220,1.73989,1.74018,1.50,1.50
2018.02.07 13:06:18.613,1.73992,1.74019,1.88,1.00
2018.02.07 13:06:18.664,1.73995,1.74023,1.25,1.50
2018.02.07 13:06:18.715,1.73995,1.74025,1.00,3.00
2018.02.07 13:06:18.767,1.73999,1.74025,1.00,2.25
2018.02.07 13:06:19.089,1.73999,1.7403,1.50,2.63
2018.02.07 13:06:19.615,1.73999,1.7403,1.50,1.50
2018.02.07 13:06:20.193,1.74,1.7403,1.00,1.50
2018.02.07 13:06:20.462,1.74006,1.74031,1.00,1.00
2018.02.07 13:06:20.614,1.74004,1.74031,1.00,1.00
2018.02.07 13:06:20.918,1.74002,1.74031,1.69,1.00
2018.02.07 13:06:21.019,1.74002,1.74033,1.25,1.00
2018.02.07 13:06:22.590,1.74001,1.74032,1.69,1.00
2018.02.07 13:06:22.887,1.74001,1.7403,1.19,1.00
2018.02.07 13:06:23.470,1.74001,1.74029,1.44,1.00
2018.02.07 13:06:23.856,1.74,1.74031,1.88,1.00
2018.02.07 13:06:24.408,1.74,1.74029,1.88,1.00
2018.02.07 13:06:26.141,1.74001,1.7403,1.19,1.00
2018.02.07 13:06:26.478,1.74002,1.74033,1.25,1.50
2018.02.07 13:06:27.242,1.74002,1.74033,3.00,2.25
2018.02.07 13:06:27.966,1.74002,1.74034,1.69,1.50
2018.02.07 13:06:28.017,1.74002,1.74032,1.69,1.00
2018.02.07 13:06:29.019,1.74002,1.7403,1.25,1.00
2018.02.07 13:06:29.465,1.74002,1.74033,1.25,1.00
2018.02.07 13:06:30.755,1.74002,1.74032,1.25,1.00
2018.02.07 13:06:31.269,1.74002,1.74034,1.25,1.50
2018.02.07 13:06:31.844,1.74002,1.74033,1.69,1.50
2018.02.07 13:06:32.456,1.74002,1.74034,1.25,2.25
2018.02.07 13:06:32.747,1.74002,1.74029,1.25,1.00
2018.02.07 13:06:33.074,1.74,1.74028,1.00,1.50
2018.02.07 13:06:33.176,1.74,1.74025,1.00,1.00
2018.02.07 13:06:33.315,1.73998,1.74025,1.25,1.00
2018.02.07 13:06:33.820,1.73998,1.74025,1.44,1.00
2018.02.07 13:06:34.173,1.73996,1.74023,2.63,1.00
2018.02.07 13:06:34.645,1.73998,1.74025,1.50,1.00
2018.02.07 13:06:35.186,1.73998,1.74026,1.00,1.00
2018.02.07 13:06:35.236,1.74,1.74026,1.00,1.00
2018.02.07 13:06:35.400,1.74,1.7403,2.44,1.00
2018.02.07 13:06:35.909,1.74,1.74029,2.44,1.00
2018.02.07 13:06:36.450,1.74001,1.74029,1.00,1.00
2018.02.07 13:06:36.897,1.74001,1.74031,1.00,1.00
2018.02.07 13:06:37.445,1.74002,1.74031,1.00,1.00
2018.02.07 13:06:38.169,1.74002,1.74031,1.69,1.00
2018.02.07 13:06:38.267,1.74002,1.74029,1.69,1.00
2018.02.07 13:06:38.768,1.74002,1.74031,1.25,1.00
2018.02.07 13:06:39.316,1.74002,1.74031,1.69,1.00
2018.02.07 13:06:40.315,1.74003,1.74029,1.00,1.00
2018.02.07 13:06:40.816,1.74003,1.74031,1.00,1.00
2018.02.07 13:06:42.805,1.74004,1.74031,1.00,1.00
2018.02.07 13:06:43.333,1.74003,1.74031,2.25,1.00
2018.02.07 13:06:43.875,1.74003,1.74029,1.50,1.00
2018.02.07 13:06:44.200,1.74003,1.74031,1.00,1.00
2018.02.07 13:06:44.732,1.74003,1.74029,1.00,1.00
2018.02.07 13:06:45.529,1.74002,1.74031,2.63,1.00
2018.02.07 13:06:46.118,1.74002,1.74031,1.25,1.00
2018.02.07 13:06:46.271,1.74,1.74026,1.19,1.00
2018.02.07 13:06:46.524,1.74001,1.74031,1.19,1.00
2018.02.07 13:06:47.395,1.74003,1.74031,1.00,1.00
2018.02.07 13:06:48.561,1.74002,1.74031,1.25,1.50
2018.02.07 13:06:49.198,1.74002,1.74029,1.25,1.00
2018.02.07 13:06:50.011,1.74002,1.7403,1.25,1.00
2018.02.07 13:06:50.317,1.74004,1.7403,1.00,1.00
2018.02.07 13:06:50.459,1.74004,1.74034,1.00,1.50
2018.02.07 13:06:50.823,1.74003,1.74031,1.00,1.00
2018.02.07 13:06:50.976,1.74008,1.74037,1.25,1.00
2018.02.07 13:06:51.027,1.74012,1.74041,1.00,1.69
2018.02.07 13:06:51.510,1.74021,1.74043,1.00,1.00
2018.02.07 13:06:51.562,1.74015,1.74041,1.00,1.50
2018.02.07 13:06:51.614,1.74011,1.74041,1.00,2.25
2018.02.07 13:06:52.030,1.7401,1.74038,1.50,1.44
2018.02.07 13:06:52.283,1.74009,1.7404,3.00,1.00
2018.02.07 13:06:52.436,1.74013,1.74038,1.00,1.00
2018.02.07 13:06:52.902,1.74013,1.7404,1.00,1.00
2018.02.07 13:06:53.891,1.74014,1.7404,1.00,1.00
2018.02.07 13:06:55.246,1.74013,1.7404,1.00,1.00
2018.02.07 13:06:55.297,1.74012,1.74042,1.50,1.00
2018.02.07 13:06:55.500,1.74014,1.74042,1.00,1.00
2018.02.07 13:06:55.703,1.7402,1.74049,1.69,1.00
2018.02.07 13:06:55.805,1.74024,1.7405,1.00,1.25
2018.02.07 13:06:55.856,1.74024,1.74053,1.00,1.25
2018.02.07 13:06:56.134,1.74025,1.74055,1.00,1.00
2018.02.07 13:06:56.542,1.74025,1.74052,1.50,1.00
2018.02.07 13:06:56.595,1.74025,1.74054,1.00,1.00
2018.02.07 13:06:57.196,1.74026,1.74055,1.00,1.50
2018.02.07 13:06:57.247,1.74029,1.74055,1.00,1.50
2018.02.07 13:06:57.819,1.74029,1.74054,1.00,1.00
2018.02.07 13:06:58.161,1.74029,1.74058,1.00,1.84
2018.02.07 13:06:59.117,1.74029,1.74058,1.00,1.50
2018.02.07 13:06:59.269,1.74031,1.7406,1.00,1.00
2018.02.07 13:06:59.624,1.7403,1.74056,1.50,1.00
2018.02.07 13:07:00.150,1.74029,1.74056,1.00,1.00
2018.02.07 13:07:00.704,1.74029,1.74058,1.25,1.69
2018.02.07 13:07:00.755,1.74029,1.74058,1.00,1.50
2018.02.07 13:07:00.806,1.74027,1.74057,1.00,1.50
2018.02.07 13:07:00.857,1.7403,1.74057,1.31,1.00
2018.02.07 13:07:00.908,1.74028,1.74059,1.88,1.00
2018.02.07 13:07:01.060,1.74031,1.74059,1.00,1.00
2018.02.07 13:07:01.218,1.74028,1.74059,1.50,1.25
2018.02.07 13:07:01.717,1.74031,1.74061,1.00,2.25
2018.02.07 13:07:01.819,1.74032,1.74063,1.31,3.19
2018.02.07 13:07:01.922,1.74033,1.74063,2.25,1.00
2018.02.07 13:07:02.293,1.74034,1.74065,2.44,1.50
2018.02.07 13:07:03.021,1.74036,1.74065,1.00,1.00
2018.02.07 13:07:03.435,1.74036,1.74062,1.00,1.00
2018.02.07 13:07:03.537,1.74033,1.74063,1.00,2.63
2018.02.07 13:07:03.845,1.74033,1.7406,1.00,1.00
2018.02.07 13:07:04.089,1.74041,1.7407,1.00,1.09
2018.02.07 13:07:04.141,1.74042,1.74071,1.44,1.25
2018.02.07 13:07:04.670,1.74043,1.74074,1.00,1.88
2018.02.07 13:07:04.924,1.74043,1.74074,1.00,1.50
2018.02.07 13:07:05.128,1.74045,1.74075,2.44,1.00
2018.02.07 13:07:05.383,1.7405,1.7408,1.50,1.00
2018.02.07 13:07:05.520,1.74053,1.7408,1.00,1.00
2018.02.07 13:07:05.571,1.74049,1.74077,1.00,1.87
2018.02.07 13:07:05.831,1.74047,1.74076,1.25,1.00
2018.02.07 13:07:06.221,1.74045,1.74077,1.31,1.50
2018.02.07 13:07:06.464,1.74047,1.74077,1.88,1.00
2018.02.07 13:07:06.969,1.74048,1.74078,1.50,1.00
2018.02.07 13:07:07.021,1.74049,1.7408,1.00,1.00
2018.02.07 13:07:07.224,1.74051,1.74079,1.00,1.00
2018.02.07 13:07:07.403,1.74049,1.74079,1.50,1.25
2018.02.07 13:07:07.468,1.74043,1.7407,1.00,1.00
2018.02.07 13:07:07.772,1.74043,1.74072,2.25,1.50
2018.02.07 13:07:07.874,1.74045,1.74074,1.44,1.00
2018.02.07 13:07:08.074,1.7405,1.74079,1.00,1.00
2018.02.07 13:07:08.630,1.74052,1.74079,1.00,1.00
2018.02.07 13:07:08.717,1.7405,1.74079,1.00,1.00
2018.02.07 13:07:09.719,1.74052,1.74079,1.00,1.00
2018.02.07 13:07:10.716,1.74052,1.74082,1.00,1.84
2018.02.07 13:07:10.979,1.74054,1.74084,1.00,1.00
2018.02.07 13:07:11.285,1.74057,1.74086,1.00,1.00
2018.02.07 13:07:11.590,1.74056,1.74081,1.00,1.00
2018.02.07 13:07:11.836,1.74056,1.74084,1.00,1.50
2018.02.07 13:07:12.483,1.74056,1.74085,1.00,1.00
2018.02.07 13:07:12.988,1.74057,1.74085,1.00,1.00
2018.02.07 13:07:13.329,1.74056,1.74088,1.50,1.88
2018.02.07 13:07:13.681,1.74059,1.74089,1.00,1.00
2018.02.07 13:07:14.191,1.7406,1.74089,1.00,1.00
2018.02.07 13:07:14.587,1.74062,1.74089,1.00,1.00
2018.02.07 13:07:15.038,1.74066,1.74091,1.00,1.31
2018.02.07 13:07:15.549,1.74061,1.74092,1.50,1.81
2018.02.07 13:07:16.052,1.74063,1.74092,1.00,2.06
2018.02.07 13:07:16.103,1.74062,1.74092,1.00,1.25
2018.02.07 13:07:16.838,1.74062,1.7409,1.50,1.44
2018.02.07 13:07:17.180,1.74068,1.74094,1.00,1.00
2018.02.07 13:07:17.336,1.74063,1.74093,1.87,1.00
2018.02.07 13:07:17.539,1.74068,1.74095,1.00,1.00
2018.02.07 13:07:17.902,1.74066,1.74095,1.00,1.00
2018.02.07 13:07:17.953,1.7407,1.74098,1.00,1.59
2018.02.07 13:07:18.483,1.74069,1.74098,1.00,1.84
2018.02.07 13:07:18.791,1.7407,1.74096,1.00,2.06
2018.02.07 13:07:18.944,1.7407,1.74097,1.00,2.40
2018.02.07 13:07:19.219,1.7407,1.74096,1.00,2.81
2018.02.07 13:07:19.681,1.74067,1.74097,1.00,2.40
2018.02.07 13:07:19.939,1.74067,1.74095,1.00,2.06
2018.02.07 13:07:20.091,1.74067,1.74095,1.00,1.50
2018.02.07 13:07:20.250,1.74069,1.74095,1.00,1.00
2018.02.07 13:07:20.352,1.74069,1.74098,1.00,1.00
2018.02.07 13:07:20.859,1.7407,1.74099,1.00,2.03
2018.02.07 13:07:21.388,1.74071,1.741,1.00,1.34
2018.02.07 13:07:21.760,1.7407,1.741,1.50,2.25
2018.02.07 13:07:22.064,1.7407,1.74097,1.00,2.06
2018.02.07 13:07:22.152,1.74068,1.74097,3.20,2.06
2018.02.07 13:07:22.426,1.74068,1.74097,1.00,1.50
2018.02.07 13:07:22.755,1.74066,1.74097,2.25,2.06
2018.02.07 13:07:22.807,1.74066,1.74093,1.00,1.00
2018.02.07 13:07:23.330,1.74065,1.74093,1.00,1.00
2018.02.07 13:07:24.638,1.74066,1.74093,1.00,1.25
2018.02.07 13:07:24.689,1.74063,1.74093,1.00,1.38
2018.02.07 13:07:24.740,1.74063,1.74093,1.00,1.25
2018.02.07 13:07:24.843,1.74063,1.74093,1.00,1.38
2018.02.07 13:07:25.366,1.74063,1.74092,1.00,1.00
2018.02.07 13:07:25.634,1.74061,1.74091,2.25,1.00
2018.02.07 13:07:26.147,1.74061,1.7409,1.00,2.06
2018.02.07 13:07:26.457,1.74063,1.74091,1.00,1.50
2018.02.07 13:07:27.308,1.74063,1.74091,1.00,1.75
2018.02.07 13:07:27.757,1.74061,1.74091,1.50,1.50
2018.02.07 13:07:28.267,1.74062,1.74091,1.00,1.12
2018.02.07 13:07:28.549,1.74064,1.74094,1.00,1.00
2018.02.07 13:07:28.601,1.74066,1.74097,1.50,2.25
2018.02.07 13:07:28.936,1.74072,1.74103,1.50,2.21
2018.02.07 13:07:29.461,1.74073,1.74102,1.00,1.38
2018.02.07 13:07:29.564,1.74074,1.74102,1.00,1.00
2018.02.07 13:07:29.683,1.74076,1.74106,1.00,1.00
2018.02.07 13:07:30.037,1.74074,1.74106,1.50,1.50
2018.02.07 13:07:32.135,1.74075,1.74106,1.00,2.44
2018.02.07 13:07:32.388,1.74075,1.74105,1.00,1.44
2018.02.07 13:07:32.539,1.74075,1.74106,1.00,1.25
2018.02.07 13:07:32.744,1.74073,1.74106,2.25,1.25
2018.02.07 13:07:32.897,1.74078,1.74106,1.50,1.50
2018.02.07 13:07:33.159,1.74083,1.74112,1.00,1.25
2018.02.07 13:07:33.211,1.74082,1.74109,1.50,1.50
2018.02.07 13:07:33.872,1.74082,1.7411,1.00,1.00
2018.02.07 13:07:34.477,1.7408,1.7411,1.50,1.00
2018.02.07 13:07:34.988,1.74081,1.7411,1.00,1.50
2018.02.07 13:07:35.562,1.74082,1.7411,1.00,1.25
2018.02.07 13:07:37.067,1.7408,1.7411,1.50,1.00
2018.02.07 13:07:37.935,1.74081,1.7411,1.00,1.69
2018.02.07 13:07:38.286,1.7408,1.74108,1.00,1.00
2018.02.07 13:07:38.702,1.74078,1.74107,1.50,1.44
2018.02.07 13:07:38.753,1.74078,1.74106,1.50,1.25
2018.02.07 13:07:39.937,1.74078,1.74107,1.00,1.13
2018.02.07 13:07:40.113,1.74085,1.74109,1.00,1.63
2018.02.07 13:07:40.164,1.74085,1.74114,1.50,1.13
2018.02.07 13:07:40.316,1.74085,1.74114,1.00,1.25
2018.02.07 13:07:40.619,1.74083,1.74116,1.50,2.63
2018.02.07 13:07:41.180,1.74084,1.74116,1.00,2.25
2018.02.07 13:07:41.650,1.74084,1.74114,1.00,1.38
2018.02.07 13:07:42.432,1.74081,1.74106,2.25,1.25
2018.02.07 13:07:42.854,1.74077,1.74108,2.25,1.56
2018.02.07 13:07:43.434,1.74077,1.74105,1.50,1.00
2018.02.07 13:07:44.050,1.74077,1.74105,1.00,1.44
2018.02.07 13:07:44.883,1.74078,1.74105,1.00,1.00
2018.02.07 13:07:45.433,1.74078,1.74106,1.00,1.00
2018.02.07 13:07:45.984,1.74077,1.74106,1.00,1.00
2018.02.07 13:07:46.710,1.74076,1.74108,1.25,2.25
2018.02.07 13:07:47.206,1.74076,1.74107,1.69,1.13
2018.02.07 13:07:47.408,1.74073,1.74103,1.69,1.44
2018.02.07 13:07:48.294,1.74073,1.74101,1.88,1.00
2018.02.07 13:07:48.501,1.74073,1.74104,1.00,1.31
2018.02.07 13:07:49.174,1.74073,1.74105,1.00,2.06
2018.02.07 13:07:49.277,1.74076,1.74105,1.00,2.06
2018.02.07 13:07:49.628,1.74076,1.74106,1.50,1.25
2018.02.07 13:07:49.796,1.74076,1.74106,1.50,1.19
2018.02.07 13:07:49.847,1.74076,1.74107,1.00,2.25
2018.02.07 13:07:50.004,1.74077,1.74106,1.00,1.31
2018.02.07 13:07:50.158,1.74078,1.74108,1.00,1.25
2018.02.07 13:07:50.361,1.74077,1.74107,1.00,2.06
2018.02.07 13:07:50.581,1.74075,1.74107,1.00,2.06
2018.02.07 13:07:51.123,1.74076,1.74107,1.00,1.56
2018.02.07 13:07:51.248,1.74074,1.74107,1.50,2.06
2018.02.07 13:07:51.795,1.74073,1.74105,1.88,1.69
2018.02.07 13:07:52.299,1.74074,1.74105,1.13,1.69
2018.02.07 13:07:52.666,1.74074,1.74104,1.25,1.38
2018.02.07 13:07:52.768,1.74075,1.74104,1.00,1.00
2018.02.07 13:07:52.960,1.74077,1.74104,1.00,1.00
2018.02.07 13:07:53.259,1.74074,1.74102,1.00,1.00
2018.02.07 13:07:54.013,1.74074,1.74101,1.25,1.00
2018.02.07 13:07:54.666,1.74074,1.74103,1.69,1.00
2018.02.07 13:07:54.916,1.74073,1.74099,1.00,1.25
2018.02.07 13:07:54.972,1.74073,1.74102,1.00,2.81
2018.02.07 13:07:55.227,1.74069,1.74102,1.50,2.81
2018.02.07 13:07:55.548,1.74071,1.74102,1.00,1.69
2018.02.07 13:07:57.282,1.74069,1.74102,1.50,2.81
2018.02.07 13:07:57.702,1.74069,1.741,1.00,1.00
2018.02.07 13:07:58.039,1.74072,1.741,1.00,1.00
2018.02.07 13:07:58.547,1.74072,1.74101,1.00,1.00
2018.02.07 13:07:59.094,1.74073,1.74102,1.50,1.00
2018.02.07 13:07:59.490,1.74075,1.74103,1.00,1.00
2018.02.07 13:07:59.665,1.74076,1.74105,1.00,1.00
2018.02.07 13:08:00.193,1.74077,1.74107,1.00,2.81
2018.02.07 13:08:00.608,1.74077,1.74107,1.00,2.81
2018.02.07 13:08:00.913,1.74076,1.74105,1.00,1.56
2018.02.07 13:08:01.427,1.74075,1.74105,1.00,1.56
2018.02.07 13:08:01.518,1.74073,1.74105,1.00,1.56
2018.02.07 13:08:02.008,1.74075,1.74105,1.00,1.56
2018.02.07 13:08:02.541,1.74075,1.74104,1.00,1.56
2018.02.07 13:08:02.969,1.74074,1.74104,1.00,2.25
2018.02.07 13:08:03.516,1.74073,1.74105,1.50,2.81
2018.02.07 13:08:03.618,1.74074,1.74105,1.00,2.06
2018.02.07 13:08:04.024,1.74076,1.74106,1.00,1.56
2018.02.07 13:08:04.971,1.74076,1.74107,1.00,3.56
2018.02.07 13:08:05.332,1.74076,1.74107,1.00,2.25
2018.02.07 13:08:05.796,1.74079,1.74107,1.00,1.00
2018.02.07 13:08:06.101,1.74077,1.74107,1.00,1.00
2018.02.07 13:08:06.612,1.74078,1.74107,1.00,1.00
2018.02.07 13:08:06.765,1.74081,1.74112,1.00,1.00
2018.02.07 13:08:07.008,1.74085,1.74112,1.00,1.25
2018.02.07 13:08:07.110,1.74084,1.74115,1.00,1.25
2018.02.07 13:08:07.211,1.74084,1.74115,1.00,1.56
2018.02.07 13:08:07.266,1.74082,1.74115,2.63,2.06
2018.02.07 13:08:07.492,1.74085,1.74114,1.00,1.31
2018.02.07 13:08:07.998,1.74083,1.74114,1.00,1.31
2018.02.07 13:08:08.523,1.74082,1.74113,2.63,1.25
2018.02.07 13:08:09.370,1.74083,1.74115,1.00,2.06
2018.02.07 13:08:09.856,1.7409,1.74118,1.00,1.25
2018.02.07 13:08:10.170,1.74088,1.7412,1.00,1.94
2018.02.07 13:08:10.503,1.7409,1.7412,1.00,1.94
2018.02.07 13:08:11.054,1.74088,1.7412,1.00,1.94
2018.02.07 13:08:11.497,1.7409,1.7412,1.00,2.44
2018.02.07 13:08:12.046,1.74089,1.7412,1.00,2.44
2018.02.07 13:08:12.395,1.74092,1.7412,1.00,2.06
2018.02.07 13:08:12.933,1.7409,1.74118,1.00,1.13
2018.02.07 13:08:14.196,1.7409,1.74117,1.00,1.56
2018.02.07 13:08:14.713,1.7409,1.74118,1.00,1.56
2018.02.07 13:08:14.765,1.74088,1.74118,1.50,1.56
2018.02.07 13:08:15.417,1.74088,1.74117,1.00,1.56
2018.02.07 13:08:15.824,1.74089,1.7412,1.00,1.75
2018.02.07 13:08:16.495,1.7409,1.74121,1.00,3.00
2018.02.07 13:08:16.659,1.74096,1.7412,1.00,1.00
2018.02.07 13:08:16.762,1.74096,1.74123,1.00,1.31
2018.02.07 13:08:17.201,1.74093,1.74123,1.50,1.31
2018.02.07 13:08:17.769,1.74094,1.74123,1.00,2.06
2018.02.07 13:08:17.891,1.74093,1.74123,1.00,1.25
2018.02.07 13:08:17.993,1.74096,1.74125,1.00,1.31
2018.02.07 13:08:18.466,1.74099,1.74127,1.00,1.56
2018.02.07 13:08:18.986,1.74098,1.74126,1.00,1.56
2018.02.07 13:08:19.287,1.74096,1.74126,2.25,1.56
2018.02.07 13:08:19.830,1.74096,1.74127,1.00,2.06
2018.02.07 13:08:20.341,1.74095,1.74124,1.25,1.25
2018.02.07 13:08:20.493,1.74094,1.74124,1.19,1.56
2018.02.07 13:08:21.268,1.74094,1.74125,1.00,2.06
2018.02.07 13:08:21.926,1.74093,1.74124,1.50,2.25
2018.02.07 13:08:22.533,1.74092,1.74124,1.00,2.25
2018.02.07 13:08:23.067,1.74092,1.74123,1.50,1.38
2018.02.07 13:08:23.501,1.74092,1.74123,1.50,1.50
2018.02.07 13:08:24.265,1.74091,1.74124,2.25,3.19
2018.02.07 13:08:24.397,1.74092,1.74123,1.00,1.38
2018.02.07 13:08:24.745,1.74091,1.74124,2.25,3.00
2018.02.07 13:08:31.117,1.74092,1.74124,1.00,2.25
2018.02.07 13:08:31.765,1.74093,1.74123,1.00,1.00
2018.02.07 13:08:32.381,1.74093,1.74124,1.25,1.50
2018.02.07 13:08:32.483,1.74096,1.74126,1.00,1.25
2018.02.07 13:08:32.917,1.74106,1.74137,1.50,3.15
2018.02.07 13:08:33.257,1.74107,1.74136,1.00,1.09
2018.02.07 13:08:33.930,1.74106,1.74137,1.50,2.96
2018.02.07 13:08:34.345,1.74106,1.74137,1.50,2.96
2018.02.07 13:08:34.891,1.74107,1.74136,1.00,2.03
2018.02.07 13:08:34.942,1.74107,1.74136,1.00,2.21
2018.02.07 13:08:34.994,1.74106,1.74137,1.50,2.78
2018.02.07 13:08:35.253,1.74107,1.74136,1.00,2.21
2018.02.07 13:08:37.084,1.74107,1.74137,1.00,2.96
2018.02.07 13:08:37.594,1.74107,1.74137,1.00,2.96
2018.02.07 13:08:37.673,1.74107,1.74137,1.00,2.96
2018.02.07 13:08:38.071,1.74107,1.74136,1.50,2.21
2018.02.07 13:08:39.740,1.74105,1.74134,1.00,1.25
2018.02.07 13:08:39.842,1.74107,1.74135,1.00,1.00
2018.02.07 13:08:40.061,1.74109,1.7414,1.50,1.44
2018.02.07 13:08:40.965,1.7411,1.74138,1.00,1.13
2018.02.07 13:08:41.016,1.74109,1.7414,1.00,1.69
2018.02.07 13:08:41.619,1.7411,1.7414,1.00,1.25
2018.02.07 13:08:41.976,1.7411,1.7414,1.00,1.38
2018.02.07 13:08:42.529,1.74109,1.7414,1.00,1.44
2018.02.07 13:08:43.236,1.74109,1.74141,1.00,2.44
2018.02.07 13:08:43.780,1.7411,1.74139,1.00,1.25
2018.02.07 13:08:44.628,1.74109,1.74141,1.50,2.25
2018.02.07 13:08:45.200,1.7411,1.7414,1.50,1.50
2018.02.07 13:08:45.810,1.74109,1.74141,1.50,1.31
2018.02.07 13:08:47.476,1.7411,1.74141,1.00,1.94
2018.02.07 13:08:47.529,1.74109,1.7414,1.50,1.75
2018.02.07 13:08:47.583,1.74107,1.74135,1.50,1.00
2018.02.07 13:08:47.637,1.74108,1.74139,1.25,1.50
2018.02.07 13:08:47.689,1.7411,1.74139,1.00,1.50
2018.02.07 13:08:47.792,1.7411,1.74141,2.63,1.00
2018.02.07 13:08:47.844,1.74113,1.74143,1.00,1.25
2018.02.07 13:08:47.946,1.7411,1.74143,1.69,2.81
2018.02.07 13:08:48.048,1.7411,1.74142,1.00,1.44
2018.02.07 13:08:48.357,1.74124,1.74151,1.00,1.69
2018.02.07 13:08:48.460,1.74125,1.74155,1.00,1.44
2018.02.07 13:08:48.664,1.74127,1.74155,1.00,1.00
2018.02.07 13:08:49.221,1.74125,1.74154,1.00,1.44
2018.02.07 13:08:49.579,1.74125,1.74154,1.00,1.38
2018.02.07 13:08:49.630,1.74123,1.74153,1.00,1.44
2018.02.07 13:08:50.033,1.74124,1.74154,1.00,1.88
2018.02.07 13:08:50.576,1.74124,1.74155,1.00,1.69
2018.02.07 13:08:51.095,1.74124,1.74156,1.00,1.00
2018.02.07 13:08:51.395,1.74126,1.74156,1.00,1.25
2018.02.07 13:08:51.918,1.74127,1.74157,1.00,1.25
2018.02.07 13:08:52.513,1.74128,1.74158,1.00,1.87
2018.02.07 13:08:53.009,1.74127,1.74156,1.00,1.00
2018.02.07 13:08:53.691,1.74128,1.74156,1.00,1.50
2018.02.07 13:08:55.138,1.74127,1.74156,1.50,1.13
2018.02.07 13:08:55.668,1.74128,1.74156,1.00,2.44
2018.02.07 13:08:55.821,1.74129,1.74161,1.50,1.88
2018.02.07 13:08:55.872,1.74133,1.74161,1.00,1.25
2018.02.07 13:08:56.161,1.7413,1.7416,1.00,1.44
2018.02.07 13:08:56.715,1.74131,1.7416,1.00,1.88
2018.02.07 13:08:56.993,1.7413,1.74161,1.50,2.25
2018.02.07 13:08:57.045,1.74129,1.7416,1.00,2.06
2018.02.07 13:08:57.279,1.74127,1.74157,1.00,1.00
2018.02.07 13:08:57.636,1.74128,1.74159,1.00,1.25
2018.02.07 13:08:57.789,1.74134,1.74164,1.00,2.25
2018.02.07 13:08:58.106,1.74134,1.74166,1.00,1.88
2018.02.07 13:08:58.396,1.74133,1.74161,1.00,1.00
2018.02.07 13:08:58.447,1.74129,1.74158,1.00,1.00
2018.02.07 13:08:58.498,1.74129,1.74156,1.00,1.00
2018.02.07 13:08:58.550,1.74126,1.74155,1.25,1.00
2018.02.07 13:08:58.752,1.74123,1.74155,3.19,1.38
2018.02.07 13:08:58.804,1.74123,1.74151,1.00,1.69
2018.02.07 13:08:58.855,1.7412,1.7415,1.56,1.00
2018.02.07 13:08:58.906,1.7412,1.74148,1.56,1.00
2018.02.07 13:08:58.957,1.7412,1.7415,1.56,1.00
2018.02.07 13:08:59.194,1.7413,1.74156,1.00,1.00
2018.02.07 13:08:59.346,1.7413,1.74159,1.25,1.00
2018.02.07 13:08:59.448,1.74133,1.74159,1.00,1.00
2018.02.07 13:08:59.499,1.74134,1.74162,1.00,1.69
2018.02.07 13:09:00.119,1.74133,1.74163,1.00,1.88
2018.02.07 13:09:00.355,1.74131,1.74163,1.00,2.44
2018.02.07 13:09:00.738,1.74129,1.74159,1.31,1.00
2018.02.07 13:09:01.243,1.74129,1.7416,1.25,1.00
2018.02.07 13:09:02.567,1.7413,1.7416,1.00,1.00
2018.02.07 13:09:02.983,1.7413,1.74162,1.13,1.00
2018.02.07 13:09:03.586,1.74131,1.74162,2.44,1.00
2018.02.07 13:09:04.144,1.74132,1.74163,1.00,2.25
2018.02.07 13:09:04.666,1.7413,1.74163,2.63,2.25
2018.02.07 13:09:04.988,1.74132,1.74163,1.00,3.00
2018.02.07 13:09:05.768,1.74132,1.74162,1.00,1.00
2018.02.07 13:09:06.407,1.74132,1.74163,1.00,2.25
2018.02.07 13:09:06.915,1.74132,1.74162,1.00,1.25
2018.02.07 13:09:07.463,1.74132,1.74163,1.00,1.50
2018.02.07 13:09:07.764,1.74134,1.74163,1.00,1.44
2018.02.07 13:09:07.814,1.74132,1.74163,1.00,1.69
2018.02.07 13:09:07.974,1.74132,1.74163,1.50,1.38
2018.02.07 13:09:08.487,1.74132,1.74162,1.25,1.38
2018.02.07 13:09:09.932,1.74132,1.74163,1.00,1.88
2018.02.07 13:09:10.734,1.74132,1.74162,1.25,1.69
2018.02.07 13:09:10.785,1.74132,1.74163,1.00,2.44
2018.02.07 13:09:11.357,1.74132,1.74162,1.25,1.00
2018.02.07 13:09:11.967,1.74132,1.74162,1.88,1.00
2018.02.07 13:09:12.513,1.74132,1.74163,2.44,1.69
2018.02.07 13:09:12.655,1.74136,1.74165,1.81,1.00
2018.02.07 13:09:12.706,1.74139,1.74169,1.00,1.00
2018.02.07 13:09:12.809,1.74138,1.74169,1.00,1.56
2018.02.07 13:09:12.912,1.74133,1.74164,1.50,1.25
2018.02.07 13:09:13.424,1.74132,1.74163,1.50,1.00
2018.02.07 13:09:14.058,1.74131,1.74164,2.06,1.00
2018.02.07 13:09:14.669,1.74131,1.74162,1.31,1.00
2018.02.07 13:09:15.025,1.74133,1.74164,1.00,1.13
2018.02.07 13:09:15.614,1.74131,1.74164,2.06,1.13
2018.02.07 13:09:15.716,1.74131,1.74164,2.06,1.88
2018.02.07 13:09:16.584,1.74132,1.74163,1.31,1.88
2018.02.07 13:09:17.825,1.74131,1.74163,2.06,1.38
2018.02.07 13:09:20.053,1.74132,1.74162,1.00,1.00
2018.02.07 13:09:20.206,1.74131,1.74164,1.00,1.69
2018.02.07 13:09:20.740,1.74132,1.74163,1.00,1.25
2018.02.07 13:09:21.258,1.74133,1.74163,1.00,1.25
2018.02.07 13:09:22.051,1.74133,1.74164,1.50,1.00
2018.02.07 13:09:22.420,1.74133,1.7416,1.00,1.00
2018.02.07 13:09:22.545,1.74129,1.7416,1.00,1.69
2018.02.07 13:09:22.596,1.74133,1.74161,1.00,1.00
2018.02.07 13:09:23.105,1.74133,1.74162,1.00,1.00
2018.02.07 13:09:23.207,1.74131,1.74162,1.50,1.00
2018.02.07 13:09:23.816,1.74133,1.74164,1.25,2.06
2018.02.07 13:09:25.032,1.74134,1.74164,1.00,2.06
2018.02.07 13:09:25.555,1.74133,1.74164,1.00,1.00
2018.02.07 13:09:27.337,1.74134,1.74164,1.00,2.25
2018.02.07 13:09:28.936,1.74133,1.74164,2.25,1.00
2018.02.07 13:09:31.547,1.74135,1.74165,1.00,1.69
2018.02.07 13:09:32.347,1.74134,1.74166,1.00,1.88
2018.02.07 13:09:34.496,1.74134,1.74164,1.50,1.31
2018.02.07 13:09:35.000,1.74133,1.74163,1.00,3.38
2018.02.07 13:09:35.860,1.7413,1.74162,1.88,1.13
2018.02.07 13:09:36.077,1.74133,1.74163,1.00,1.88
2018.02.07 13:09:36.611,1.74133,1.74163,1.00,1.56
2018.02.07 13:09:36.865,1.74124,1.74154,1.50,1.00
2018.02.07 13:09:37.197,1.74123,1.7415,1.00,1.00
2018.02.07 13:09:37.248,1.7412,1.74151,1.00,1.56
2018.02.07 13:09:37.350,1.7412,1.74151,1.00,1.25
2018.02.07 13:09:37.857,1.7412,1.74152,1.50,1.25
2018.02.07 13:09:37.908,1.74123,1.74153,1.00,1.31
2018.02.07 13:09:37.959,1.7412,1.74153,1.50,1.31
2018.02.07 13:09:38.011,1.74121,1.74153,1.38,3.38
2018.02.07 13:09:38.736,1.74123,1.74153,1.50,1.25
2018.02.07 13:09:39.043,1.74125,1.74154,1.00,1.12
2018.02.07 13:09:39.094,1.74123,1.74154,1.50,1.00
2018.02.07 13:09:39.627,1.74123,1.74153,1.00,1.00
2018.02.07 13:09:39.926,1.74124,1.74155,1.50,1.12
2018.02.07 13:09:40.140,1.74128,1.74155,1.00,1.00
2018.02.07 13:09:41.226,1.74127,1.74155,1.00,1.00
2018.02.07 13:09:41.348,1.74125,1.74155,1.00,1.00
2018.02.07 13:09:42.126,1.74128,1.74155,1.00,1.00
2018.02.07 13:09:42.241,1.74125,1.74155,1.00,1.00
2018.02.07 13:09:42.373,1.74128,1.74155,1.00,1.00
2018.02.07 13:09:42.475,1.74125,1.74154,1.00,1.00
2018.02.07 13:09:42.527,1.74127,1.74154,1.00,1.00
2018.02.07 13:09:42.730,1.74127,1.74157,1.00,1.69
2018.02.07 13:09:42.781,1.74125,1.74156,1.50,1.25
2018.02.07 13:09:43.449,1.74125,1.74155,1.00,1.00
2018.02.07 13:09:43.990,1.74126,1.74157,1.00,1.00
2018.02.07 13:09:44.142,1.74129,1.74155,1.00,1.00
2018.02.07 13:09:44.244,1.74129,1.74158,1.00,1.12
2018.02.07 13:09:44.490,1.74131,1.74159,1.00,2.44
2018.02.07 13:09:45.069,1.74131,1.74159,1.00,1.37
2018.02.07 13:09:45.552,1.74129,1.74159,1.00,1.56
2018.02.07 13:09:46.513,1.74127,1.74159,1.00,2.81
2018.02.07 13:09:47.068,1.74128,1.74157,1.00,1.12
2018.02.07 13:09:47.777,1.74129,1.74158,1.00,1.00
2018.02.07 13:09:47.879,1.74129,1.7416,1.50,1.00
2018.02.07 13:09:48.371,1.74133,1.74161,1.00,1.00
2018.02.07 13:09:49.271,1.74134,1.74161,1.00,1.00
2018.02.07 13:09:49.609,1.74133,1.74164,1.00,1.37
2018.02.07 13:09:50.174,1.74133,1.74164,1.00,1.25
2018.02.07 13:09:51.997,1.74136,1.74165,1.00,1.12
2018.02.07 13:09:52.739,1.74137,1.74165,1.00,1.50
2018.02.07 13:09:54.672,1.74136,1.74165,1.00,1.00
2018.02.07 13:09:56.574,1.74136,1.74165,1.00,1.37
2018.02.07 13:09:57.113,1.74135,1.74165,1.00,1.00
2018.02.07 13:09:57.418,1.74138,1.74165,1.00,1.00
2018.02.07 13:09:57.622,1.74138,1.74169,1.50,3.19
2018.02.07 13:09:58.133,1.74138,1.74169,1.50,2.06
2018.02.07 13:09:58.971,1.74138,1.74169,1.50,1.69
2018.02.07 13:10:00.130,1.74139,1.74169,1.00,2.06
2018.02.07 13:10:00.736,1.74139,1.74169,1.00,1.87
2018.02.07 13:10:01.693,1.74139,1.74169,1.00,1.12
2018.02.07 13:10:02.239,1.74139,1.74168,1.00,1.62
2018.02.07 13:10:03.157,1.74138,1.74169,1.00,2.44
2018.02.07 13:10:03.494,1.74139,1.74166,1.00,1.00
2018.02.07 13:10:03.837,1.74141,1.74169,1.00,1.12
2018.02.07 13:10:03.890,1.7415,1.74174,1.00,1.00
2018.02.07 13:10:04.103,1.7415,1.74178,1.00,1.63
2018.02.07 13:10:04.155,1.74148,1.74179,1.00,2.44
2018.02.07 13:10:04.665,1.74147,1.74179,1.00,1.87
2018.02.07 13:10:05.028,1.74149,1.74178,1.00,1.12
2018.02.07 13:10:05.592,1.7415,1.74179,1.00,1.50
2018.02.07 13:10:05.907,1.74152,1.74179,1.00,1.00
2018.02.07 13:10:06.301,1.74154,1.74184,1.00,1.13
2018.02.07 13:10:06.352,1.74158,1.74188,1.69,1.50
2018.02.07 13:10:06.657,1.74161,1.7419,1.00,1.88
2018.02.07 13:10:07.167,1.74159,1.74189,1.88,1.88
2018.02.07 13:10:07.703,1.7416,1.7419,1.00,1.50
2018.02.07 13:10:08.055,1.74159,1.74189,1.88,1.44
2018.02.07 13:10:08.224,1.74159,1.7419,1.25,3.00
2018.02.07 13:10:08.677,1.74159,1.74187,1.88,1.00
2018.02.07 13:10:09.201,1.74159,1.74188,1.00,1.00
2018.02.07 13:10:09.753,1.7416,1.74188,1.00,1.00
2018.02.07 13:10:10.079,1.74155,1.74185,1.00,1.00
2018.02.07 13:10:10.288,1.74153,1.74182,1.00,1.00
2018.02.07 13:10:10.793,1.74152,1.74182,1.00,1.00
2018.02.07 13:10:12.427,1.7415,1.7418,1.00,1.31
2018.02.07 13:10:13.431,1.74149,1.7418,2.25,1.69
2018.02.07 13:10:13.771,1.7415,1.7418,1.88,1.50
2018.02.07 13:10:14.254,1.74147,1.74172,1.00,1.00
2018.02.07 13:10:14.306,1.74146,1.74175,2.63,2.44
2018.02.07 13:10:14.935,1.74145,1.74176,1.88,1.25
2018.02.07 13:10:15.367,1.74145,1.74173,1.00,1.00
2018.02.07 13:10:16.206,1.74144,1.74174,2.06,1.00
2018.02.07 13:10:17.031,1.74145,1.74174,1.00,1.00
2018.02.07 13:10:17.789,1.74146,1.74174,1.00,1.00
2018.02.07 13:10:18.340,1.74145,1.74174,1.00,1.00
2018.02.07 13:10:19.321,1.74144,1.74174,1.25,1.00
2018.02.07 13:10:20.766,1.74147,1.74174,1.25,1.00
2018.02.07 13:10:22.202,1.74147,1.74176,1.25,1.50
2018.02.07 13:10:22.405,1.74145,1.74175,1.25,1.00
2018.02.07 13:10:22.984,1.74144,1.74174,2.25,1.00
2018.02.07 13:10:23.137,1.74142,1.74173,2.63,1.00
2018.02.07 13:10:23.188,1.74142,1.74171,2.06,1.00
2018.02.07 13:10:23.763,1.74143,1.74171,1.69,1.00
2018.02.07 13:10:24.085,1.74143,1.74171,1.38,1.00
2018.02.07 13:10:24.136,1.74142,1.74173,1.88,1.00
2018.02.07 13:10:24.733,1.74145,1.74173,1.88,1.00
2018.02.07 13:10:25.242,1.74144,1.74173,1.50,1.00
2018.02.07 13:10:25.293,1.74146,1.74173,1.00,1.00
2018.02.07 13:10:25.650,1.74144,1.74173,1.69,1.00
2018.02.07 13:10:26.283,1.74145,1.74176,1.13,1.37
2018.02.07 13:10:26.385,1.74144,1.74177,2.63,1.50
2018.02.07 13:10:26.760,1.74145,1.74177,1.88,1.50
2018.02.07 13:10:27.490,1.74144,1.74177,3.38,1.50
2018.02.07 13:10:29.718,1.74145,1.74176,2.63,1.00
2018.02.07 13:10:30.219,1.74145,1.74177,1.25,1.50
2018.02.07 13:10:32.362,1.74147,1.74177,1.25,1.00
2018.02.07 13:10:32.680,1.74148,1.74177,1.88,1.00
2018.02.07 13:10:33.635,1.74148,1.74179,2.63,3.37
2018.02.07 13:10:33.737,1.74149,1.74179,1.56,1.00
2018.02.07 13:10:33.840,1.74151,1.74182,1.31,1.69
2018.02.07 13:10:35.073,1.74151,1.74182,1.00,1.88
2018.02.07 13:10:36.529,1.74159,1.74185,1.81,1.00
2018.02.07 13:10:36.631,1.74165,1.74192,1.00,2.25
2018.02.07 13:10:36.732,1.74166,1.74195,1.00,1.50
2018.02.07 13:10:36.987,1.74165,1.74195,1.50,1.37
2018.02.07 13:10:37.327,1.74167,1.74195,1.00,1.00
2018.02.07 13:10:37.633,1.74161,1.74189,1.50,1.00
2018.02.07 13:10:38.169,1.7416,1.74189,1.00,1.00
2018.02.07 13:10:38.271,1.74155,1.74186,1.69,1.31
2018.02.07 13:10:39.697,1.74156,1.74186,1.00,3.94
2018.02.07 13:10:40.312,1.74155,1.74186,1.50,2.06
2018.02.07 13:10:41.179,1.74156,1.74186,1.00,4.13
2018.02.07 13:10:41.822,1.74155,1.74185,1.00,2.25
2018.02.07 13:10:42.446,1.74156,1.74184,1.00,1.50
2018.02.07 13:10:42.929,1.74153,1.74185,1.50,2.81
2018.02.07 13:10:44.165,1.74153,1.74184,2.81,1.69
2018.02.07 13:10:44.436,1.74153,1.74182,1.50,1.00
2018.02.07 13:10:44.801,1.74153,1.74184,1.50,1.12
2018.02.07 13:10:45.350,1.74153,1.74183,1.00,1.00
2018.02.07 13:10:45.539,1.74157,1.74186,1.44,1.50
2018.02.07 13:10:46.287,1.74158,1.74186,1.44,1.00
2018.02.07 13:10:46.662,1.7416,1.74188,1.25,1.28
2018.02.07 13:10:47.886,1.7416,1.74189,1.00,1.00
2018.02.07 13:10:48.615,1.74161,1.74189,1.00,1.25
2018.02.07 13:10:48.850,1.7416,1.74186,1.00,1.00
2018.02.07 13:10:48.952,1.74154,1.74183,1.50,1.00
2018.02.07 13:10:49.003,1.74152,1.74183,1.00,1.00
2018.02.07 13:10:49.106,1.74152,1.74181,1.00,1.50
2018.02.07 13:10:49.771,1.74153,1.74182,1.00,1.00
2018.02.07 13:10:50.768,1.74152,1.74183,1.50,1.50
2018.02.07 13:10:52.137,1.74152,1.74183,1.88,1.50
2018.02.07 13:10:52.688,1.74152,1.74183,1.50,1.50
2018.02.07 13:10:53.207,1.74153,1.74183,1.13,1.25
2018.02.07 13:10:53.815,1.74152,1.74183,3.19,1.00
2018.02.07 13:10:54.255,1.74152,1.74183,2.06,1.00
2018.02.07 13:10:56.155,1.74152,1.74183,1.63,1.00
2018.02.07 13:10:56.785,1.74152,1.74183,1.75,1.00
2018.02.07 13:10:58.778,1.74154,1.74186,1.13,3.19
2018.02.07 13:10:59.358,1.74153,1.74184,1.00,1.25
2018.02.07 13:10:59.958,1.74153,1.74183,1.00,1.00
2018.02.07 13:11:00.009,1.74151,1.74182,1.50,1.00
2018.02.07 13:11:00.560,1.74152,1.74182,1.00,1.31
2018.02.07 13:11:01.286,1.74151,1.74182,1.50,1.31
2018.02.07 13:11:02.903,1.74152,1.74182,1.00,1.25
2018.02.07 13:11:03.005,1.74154,1.74182,1.00,1.00
2018.02.07 13:11:03.992,1.74153,1.74182,1.00,1.00
2018.02.07 13:11:05.190,1.7416,1.74189,1.00,1.00
2018.02.07 13:11:05.692,1.7416,1.7419,1.50,1.00
2018.02.07 13:11:06.097,1.74162,1.74193,1.00,1.19
2018.02.07 13:11:06.628,1.74161,1.74193,1.00,1.69
2018.02.07 13:11:06.942,1.74155,1.74182,1.00,1.00
2018.02.07 13:11:07.194,1.74151,1.74182,1.88,1.00
2018.02.07 13:11:07.699,1.74152,1.74181,1.00,1.00
2018.02.07 13:11:08.470,1.74152,1.74183,1.00,1.31
2018.02.07 13:11:11.435,1.74152,1.74183,1.50,1.56
2018.02.07 13:11:12.252,1.74152,1.74184,1.00,2.06
2018.02.07 13:11:12.977,1.74152,1.74184,1.00,2.81
2018.02.07 13:11:15.486,1.74154,1.74183,1.00,1.25
2018.02.07 13:11:16.794,1.74154,1.74184,1.00,1.25
2018.02.07 13:11:18.775,1.74155,1.74184,1.00,1.69
2018.02.07 13:11:19.674,1.74156,1.74185,1.00,1.69
2018.02.07 13:11:19.878,1.74154,1.74184,1.00,1.00
2018.02.07 13:11:21.794,1.74155,1.74185,1.25,1.25
2018.02.07 13:11:21.845,1.74161,1.74187,1.00,1.50
2018.02.07 13:11:21.896,1.74162,1.7419,1.00,1.50
2018.02.07 13:11:22.299,1.74159,1.74189,1.69,1.25
2018.02.07 13:11:23.164,1.74159,1.74186,1.50,1.44
2018.02.07 13:11:23.740,1.74158,1.74186,1.00,1.25
2018.02.07 13:11:24.261,1.74156,1.74187,1.88,2.06
2018.02.07 13:11:24.566,1.7416,1.7419,1.25,2.06
2018.02.07 13:11:24.668,1.74159,1.7419,1.25,1.31
2018.02.07 13:11:25.183,1.7416,1.7419,1.00,2.81
2018.02.07 13:11:25.706,1.74159,1.7419,1.50,1.56
2018.02.07 13:11:26.226,1.7416,1.7419,1.00,2.63
2018.02.07 13:11:26.775,1.74159,1.7419,1.50,1.31
2018.02.07 13:11:26.910,1.74161,1.7419,1.00,1.31
2018.02.07 13:11:27.091,1.74169,1.74195,1.00,1.88
2018.02.07 13:11:27.344,1.74166,1.74195,1.00,1.25
2018.02.07 13:11:27.447,1.74163,1.74193,1.00,1.69
2018.02.07 13:11:27.549,1.74162,1.74192,1.00,1.50
2018.02.07 13:11:27.752,1.74158,1.74189,2.25,1.84
2018.02.07 13:11:28.605,1.74161,1.74189,1.00,1.00
2018.02.07 13:11:28.910,1.74173,1.74199,1.00,1.25
2018.02.07 13:11:29.231,1.74173,1.74197,1.00,1.25
2018.02.07 13:11:29.419,1.7417,1.74197,1.50,1.25
2018.02.07 13:11:29.886,1.74166,1.74197,1.00,1.50
2018.02.07 13:11:30.136,1.74165,1.74197,1.00,2.40
2018.02.07 13:11:30.289,1.74165,1.74196,1.00,2.03
2018.02.07 13:11:30.357,1.74165,1.74194,1.00,1.00
2018.02.07 13:11:30.806,1.74165,1.74195,1.00,2.06
2018.02.07 13:11:31.164,1.7417,1.74198,1.00,1.69
2018.02.07 13:11:31.216,1.74169,1.74195,1.00,1.00
2018.02.07 13:11:31.471,1.74163,1.74196,4.13,2.06
2018.02.07 13:11:31.522,1.74166,1.74196,1.00,1.00
2018.02.07 13:11:31.852,1.74168,1.74194,1.00,1.46
2018.02.07 13:11:31.903,1.74165,1.74193,1.00,2.25
2018.02.07 13:11:31.955,1.7416,1.7419,1.69,1.25
2018.02.07 13:11:32.092,1.7416,1.74188,1.00,1.00
2018.02.07 13:11:32.164,1.74158,1.74188,1.69,1.00
2018.02.07 13:11:32.708,1.74159,1.74189,1.00,1.25
2018.02.07 13:11:32.935,1.74161,1.74189,1.00,1.25
2018.02.07 13:11:33.177,1.74161,1.74191,1.00,1.69
2018.02.07 13:11:33.696,1.7416,1.74191,1.00,2.63
2018.02.07 13:11:34.343,1.74159,1.74191,1.00,2.63
2018.02.07 13:11:34.693,1.74161,1.74191,1.00,1.88
2018.02.07 13:11:34.897,1.74159,1.74191,1.50,2.63
2018.02.07 13:11:35.415,1.74164,1.7419,1.00,1.44
2018.02.07 13:11:35.949,1.74164,1.74188,1.00,1.00
2018.02.07 13:11:36.000,1.74159,1.74188,1.00,1.00
2018.02.07 13:11:36.547,1.74159,1.74187,1.00,1.00
2018.02.07 13:11:36.628,1.74161,1.74187,1.00,1.00
2018.02.07 13:11:37.130,1.74162,1.74187,1.00,1.00
2018.02.07 13:11:38.161,1.74158,1.74187,1.00,1.00
2018.02.07 13:11:38.264,1.74158,1.74184,2.25,1.00
2018.02.07 13:11:38.785,1.74155,1.74184,1.50,1.00
2018.02.07 13:11:39.299,1.74156,1.74183,1.00,1.00
2018.02.07 13:11:39.847,1.74155,1.74183,1.00,1.00
2018.02.07 13:11:39.899,1.74155,1.74181,1.00,1.00
2018.02.07 13:11:40.158,1.74156,1.74183,1.00,1.00
2018.02.07 13:11:40.698,1.74156,1.74181,1.00,1.00
2018.02.07 13:11:40.800,1.74154,1.74181,1.00,1.00
2018.02.07 13:11:41.289,1.74155,1.74183,1.00,1.25
2018.02.07 13:11:41.716,1.74156,1.74185,1.00,1.69
2018.02.07 13:11:42.876,1.74155,1.74185,1.00,1.50
2018.02.07 13:11:43.072,1.74159,1.74186,1.00,1.25
2018.02.07 13:11:44.112,1.7416,1.74186,1.00,1.25
2018.02.07 13:11:44.870,1.74159,1.74186,1.00,1.00
2018.02.07 13:11:45.468,1.7416,1.74186,1.00,1.25
2018.02.07 13:11:46.014,1.74159,1.74186,1.00,1.00
2018.02.07 13:11:46.879,1.7416,1.74186,1.00,1.00
2018.02.07 13:11:48.045,1.74159,1.74186,1.00,1.00
2018.02.07 13:11:48.761,1.7416,1.74186,1.00,1.00
2018.02.07 13:11:49.373,1.7416,1.74185,1.00,1.00
2018.02.07 13:11:49.535,1.7416,1.74188,1.00,1.25
2018.02.07 13:11:50.041,1.74159,1.74188,1.00,1.00
2018.02.07 13:11:50.092,1.74163,1.7419,1.00,1.00
2018.02.07 13:11:50.144,1.74164,1.74193,1.31,1.00
2018.02.07 13:11:50.196,1.74171,1.74196,1.31,1.00
2018.02.07 13:11:50.339,1.74181,1.74206,1.00,1.00
2018.02.07 13:11:50.390,1.74181,1.74209,1.50,1.69
2018.02.07 13:11:50.813,1.74182,1.74206,1.50,1.00
2018.02.07 13:11:51.315,1.74182,1.74207,1.00,1.00
2018.02.07 13:11:52.419,1.74181,1.74207,2.25,1.00
2018.02.07 13:11:54.061,1.7418,1.74207,1.00,1.00
2018.02.07 13:11:54.986,1.74179,1.74207,1.00,1.00
2018.02.07 13:11:55.139,1.74176,1.74206,1.87,1.00
2018.02.07 13:11:55.191,1.74175,1.74203,1.00,1.00
2018.02.07 13:11:55.596,1.74176,1.742,1.00,1.00
2018.02.07 13:11:55.648,1.74173,1.74199,1.00,1.00
2018.02.07 13:11:55.750,1.74169,1.74197,1.50,1.25
2018.02.07 13:11:55.801,1.74167,1.74196,1.69,1.00
2018.02.07 13:11:56.024,1.74166,1.74193,1.50,1.00
2018.02.07 13:11:56.227,1.74168,1.74199,1.69,1.00
2018.02.07 13:11:56.328,1.74168,1.74197,2.44,1.00
2018.02.07 13:11:56.939,1.74168,1.74196,1.50,1.00
2018.02.07 13:11:57.462,1.74169,1.74196,1.00,1.00
2018.02.07 13:11:57.564,1.74166,1.74194,1.50,1.00
2018.02.07 13:11:57.869,1.74167,1.74192,1.00,1.00
2018.02.07 13:11:59.008,1.74166,1.74192,1.50,1.00
2018.02.07 13:11:59.160,1.74171,1.74199,1.44,1.00
2018.02.07 13:11:59.212,1.74174,1.74199,1.00,1.00
2018.02.07 13:11:59.624,1.74172,1.742,1.00,1.00
2018.02.07 13:12:00.419,1.74173,1.742,1.00,1.00
2018.02.07 13:12:00.924,1.74173,1.74201,1.00,1.00
2018.02.07 13:12:01.497,1.74172,1.74201,1.00,1.00
2018.02.07 13:12:02.239,1.74173,1.74201,1.00,1.00
2018.02.07 13:12:02.750,1.74172,1.74201,1.00,1.00
2018.02.07 13:12:03.867,1.74172,1.74203,1.00,2.25
2018.02.07 13:12:04.495,1.74173,1.74203,1.00,1.50
2018.02.07 13:12:04.647,1.74175,1.74203,1.00,1.69
2018.02.07 13:12:05.185,1.74174,1.74203,1.00,1.50
2018.02.07 13:12:05.544,1.74174,1.74205,1.50,1.25
2018.02.07 13:12:06.219,1.74174,1.74206,1.69,1.50
2018.02.07 13:12:06.510,1.74174,1.74206,2.06,1.50
2018.02.07 13:12:06.817,1.74174,1.74206,2.25,1.50
2018.02.07 13:12:06.971,1.74174,1.74203,1.50,1.00
2018.02.07 13:12:07.478,1.74173,1.74202,1.25,1.00
2018.02.07 13:12:07.866,1.74173,1.742,1.25,1.00
2018.02.07 13:12:08.177,1.74173,1.74202,1.00,1.00
2018.02.07 13:12:08.772,1.74174,1.74202,1.00,1.00
2018.02.07 13:12:08.875,1.74176,1.74203,1.00,1.00
2018.02.07 13:12:09.218,1.74171,1.742,1.50,1.00
2018.02.07 13:12:09.270,1.74169,1.742,1.50,1.50
2018.02.07 13:12:09.321,1.74169,1.74197,1.31,1.00
2018.02.07 13:12:09.736,1.74167,1.74195,1.50,1.00
2018.02.07 13:12:10.150,1.74167,1.74196,1.88,1.00
2018.02.07 13:12:10.201,1.74167,1.74196,1.69,1.00
2018.02.07 13:12:10.710,1.74168,1.74196,1.25,1.00
2018.02.07 13:12:11.458,1.74168,1.74197,1.25,1.25
2018.02.07 13:12:12.046,1.74167,1.74197,1.50,1.00
2018.02.07 13:12:12.564,1.74167,1.74196,1.69,1.00
2018.02.07 13:12:12.838,1.74167,1.74194,1.50,1.00
2018.02.07 13:12:13.374,1.74168,1.74197,1.00,1.00
2018.02.07 13:12:13.488,1.74168,1.74195,1.00,1.00
2018.02.07 13:12:13.819,1.74167,1.74193,2.25,1.00
2018.02.07 13:12:14.823,1.74168,1.74193,1.00,1.00
2018.02.07 13:12:15.370,1.7417,1.74194,1.00,1.00
2018.02.07 13:12:15.421,1.74172,1.742,1.00,1.00
2018.02.07 13:12:15.674,1.7417,1.742,1.00,1.00
2018.02.07 13:12:15.825,1.7417,1.74198,1.00,1.00
2018.02.07 13:12:16.765,1.74172,1.74198,1.00,1.00
2018.02.07 13:12:16.816,1.74172,1.74202,1.50,1.31
2018.02.07 13:12:17.582,1.74172,1.74202,1.25,1.00
2018.02.07 13:12:18.669,1.74169,1.742,1.00,2.06
2018.02.07 13:12:18.979,1.74165,1.74197,1.38,1.25
2018.02.07 13:12:19.249,1.74165,1.74196,1.25,1.00
2018.02.07 13:12:19.636,1.74163,1.74192,1.00,1.00
2018.02.07 13:12:19.957,1.74162,1.7419,1.69,1.00
2018.02.07 13:12:20.773,1.74162,1.74191,1.50,1.00
2018.02.07 13:12:21.386,1.74163,1.74191,1.00,1.00
2018.02.07 13:12:21.591,1.74166,1.74197,2.25,1.00
2018.02.07 13:12:21.693,1.74166,1.74194,2.25,1.00
2018.02.07 13:12:21.998,1.74168,1.74194,1.00,1.00
2018.02.07 13:12:22.521,1.74168,1.74196,1.00,1.00
2018.02.07 13:12:22.742,1.74168,1.74193,1.00,1.00
2018.02.07 13:12:23.352,1.74169,1.74193,1.00,1.00
2018.02.07 13:12:24.644,1.74168,1.74193,1.00,1.00
2018.02.07 13:12:25.375,1.74164,1.74193,1.50,1.00
2018.02.07 13:12:25.944,1.74165,1.74193,1.00,1.00
2018.02.07 13:12:26.418,1.74165,1.74191,1.00,1.00
2018.02.07 13:12:26.967,1.74164,1.7419,1.50,1.00
2018.02.07 13:12:27.346,1.74162,1.7419,1.50,1.00
2018.02.07 13:12:27.397,1.74162,1.74188,1.00,1.00
2018.02.07 13:12:27.448,1.7416,1.74188,1.50,1.00
2018.02.07 13:12:27.550,1.74157,1.74188,2.62,1.00
2018.02.07 13:12:27.652,1.74157,1.74186,1.00,1.00
2018.02.07 13:12:27.754,1.74155,1.74186,1.12,1.50
2018.02.07 13:12:27.806,1.74157,1.74186,1.00,1.00
2018.02.07 13:12:28.155,1.74158,1.7419,2.06,1.50
2018.02.07 13:12:28.205,1.74157,1.74187,2.25,1.00
2018.02.07 13:12:28.708,1.74158,1.74188,1.37,1.00
2018.02.07 13:12:29.166,1.74161,1.74188,1.00,1.00
2018.02.07 13:12:29.487,1.74164,1.7419,1.00,1.00
2018.02.07 13:12:29.537,1.7416,1.7419,1.87,1.50
2018.02.07 13:12:29.588,1.74163,1.7419,1.00,1.50
2018.02.07 13:12:29.888,1.7416,1.7419,1.87,1.50
2018.02.07 13:12:29.990,1.7416,1.74187,1.50,1.00
2018.02.07 13:12:30.582,1.74161,1.74187,1.00,1.00
2018.02.07 13:12:30.773,1.74161,1.74189,1.00,1.00
2018.02.07 13:12:31.599,1.7416,1.74189,1.50,1.00
2018.02.07 13:12:32.125,1.74164,1.74189,1.00,1.00
2018.02.07 13:12:32.278,1.74167,1.74193,1.00,1.00
2018.02.07 13:12:32.329,1.74167,1.74195,1.00,1.00
2018.02.07 13:12:32.533,1.74171,1.74197,1.31,1.00
2018.02.07 13:12:32.727,1.7418,1.74209,1.00,1.00
2018.02.07 13:12:33.266,1.7418,1.74207,1.00,1.00
2018.02.07 13:12:33.768,1.7418,1.74209,1.00,1.25
2018.02.07 13:12:34.502,1.7418,1.74208,1.00,1.00
2018.02.07 13:12:35.715,1.7418,1.74206,1.00,1.00
2018.02.07 13:12:35.867,1.74177,1.74205,1.50,1.00
2018.02.07 13:12:36.847,1.74177,1.74206,1.50,1.00
2018.02.07 13:12:37.390,1.74177,1.74207,2.44,1.69
2018.02.07 13:12:37.926,1.74177,1.74207,2.06,1.00
2018.02.07 13:12:38.697,1.74179,1.74207,1.88,1.00
2018.02.07 13:12:39.319,1.74178,1.74207,1.00,1.00
2018.02.07 13:12:39.863,1.74179,1.74207,1.00,1.00
2018.02.07 13:12:40.548,1.74178,1.74207,1.00,1.00
2018.02.07 13:12:40.762,1.74183,1.74209,1.00,1.00
2018.02.07 13:12:40.864,1.74181,1.74209,1.50,1.00
2018.02.07 13:12:40.958,1.74181,1.74211,1.50,2.63
2018.02.07 13:12:42.663,1.74184,1.74211,1.00,1.50
2018.02.07 13:12:44.537,1.74181,1.74211,1.00,1.50
2018.02.07 13:12:44.690,1.7418,1.74208,1.00,1.00
2018.02.07 13:12:44.851,1.7418,1.7421,1.00,1.00
2018.02.07 13:12:47.577,1.7418,1.74208,1.50,1.00
2018.02.07 13:12:47.934,1.74181,1.7421,1.00,1.00
2018.02.07 13:12:48.445,1.74181,1.74211,1.00,1.69
2018.02.07 13:12:49.185,1.74181,1.74211,1.00,1.87
2018.02.07 13:12:49.876,1.74181,1.74211,1.00,1.87
2018.02.07 13:12:50.029,1.74181,1.74209,1.00,1.00
2018.02.07 13:12:50.439,1.74181,1.74211,1.00,2.62
2018.02.07 13:12:50.599,1.74187,1.74216,1.50,2.06
2018.02.07 13:12:50.904,1.74192,1.74218,1.00,1.31
2018.02.07 13:12:50.955,1.74192,1.7422,1.00,1.25
2018.02.07 13:12:51.006,1.74195,1.74224,1.00,1.00
2018.02.07 13:12:51.058,1.74198,1.74226,1.00,1.00
2018.02.07 13:12:51.380,1.74202,1.74229,1.00,1.00
2018.02.07 13:12:51.919,1.742,1.7423,1.00,1.00
2018.02.07 13:12:52.283,1.74199,1.74228,1.00,1.00
2018.02.07 13:12:52.621,1.74208,1.74233,1.00,1.00
2018.02.07 13:12:52.722,1.74208,1.7424,1.12,1.00
2018.02.07 13:12:53.119,1.74211,1.74241,1.00,1.50
2018.02.07 13:12:53.542,1.74217,1.74245,1.00,1.00
2018.02.07 13:12:53.593,1.7422,1.74249,1.50,1.00
2018.02.07 13:12:53.719,1.7422,1.74251,1.50,1.00
2018.02.07 13:12:55.401,1.74209,1.74238,1.00,1.00
2018.02.07 13:12:55.455,1.74205,1.74236,1.12,1.25
2018.02.07 13:12:55.505,1.74202,1.7423,1.00,1.00
2018.02.07 13:12:55.556,1.74199,1.74229,1.69,1.00
2018.02.07 13:12:55.658,1.74198,1.74227,2.06,1.00
2018.02.07 13:12:56.214,1.74198,1.74228,1.31,1.00
2018.02.07 13:12:56.442,1.742,1.74231,1.50,1.00
2018.02.07 13:12:56.673,1.74201,1.74233,1.00,1.00
2018.02.07 13:12:57.808,1.74201,1.74234,1.00,2.44
2018.02.07 13:12:58.018,1.74203,1.74234,1.00,1.50
2018.02.07 13:12:58.360,1.74206,1.74236,1.00,1.00
2018.02.07 13:12:59.392,1.74206,1.74239,1.00,4.50
2018.02.07 13:12:59.524,1.74206,1.74239,1.00,3.75
2018.02.07 13:12:59.780,1.74206,1.74238,2.81,1.00
2018.02.07 13:13:00.375,1.74206,1.74239,2.06,3.00
2018.02.07 13:13:00.880,1.74208,1.74239,1.00,1.50
2018.02.07 13:13:01.375,1.74211,1.74239,1.00,1.00
2018.02.07 13:13:01.680,1.74213,1.74239,1.00,1.00
2018.02.07 13:13:01.731,1.74213,1.74242,1.00,1.44
2018.02.07 13:13:02.239,1.74213,1.74242,1.00,1.00
2018.02.07 13:13:02.765,1.74213,1.74243,1.00,1.00
2018.02.07 13:13:02.816,1.74213,1.74239,1.00,1.56
2018.02.07 13:13:02.918,1.74206,1.74235,1.00,1.50
2018.02.07 13:13:02.969,1.74204,1.74233,1.00,3.38
2018.02.07 13:13:03.089,1.74202,1.74232,1.00,1.25
2018.02.07 13:13:03.718,1.74202,1.74232,1.00,2.63
2018.02.07 13:13:04.155,1.74202,1.74229,1.00,1.00
2018.02.07 13:13:04.257,1.742,1.74229,1.00,1.00
2018.02.07 13:13:04.513,1.742,1.74227,1.00,1.00
2018.02.07 13:13:07.020,1.742,1.74226,1.00,1.00
2018.02.07 13:13:07.073,1.74197,1.74226,1.00,1.88
2018.02.07 13:13:07.212,1.74191,1.74219,1.50,1.00
2018.02.07 13:13:07.364,1.74188,1.74218,1.00,1.50
2018.02.07 13:13:07.638,1.74187,1.74215,1.50,1.00
2018.02.07 13:13:09.116,1.74187,1.74214,1.00,1.00
2018.02.07 13:13:09.219,1.74179,1.74208,3.38,1.00
2018.02.07 13:13:09.270,1.74182,1.74212,1.00,1.31
2018.02.07 13:13:09.789,1.74183,1.7421,1.00,1.00
2018.02.07 13:13:10.001,1.74181,1.7421,1.00,1.00
2018.02.07 13:13:10.465,1.74181,1.74208,1.00,1.00
2018.02.07 13:13:16.273,1.74178,1.74208,1.25,1.00
2018.02.07 13:13:16.325,1.74177,1.74205,2.44,1.00
2018.02.07 13:13:16.864,1.74175,1.74206,1.88,1.00
2018.02.07 13:13:17.329,1.74175,1.74206,1.00,1.00
2018.02.07 13:13:18.092,1.74175,1.74204,1.00,1.00
2018.02.07 13:13:21.318,1.74175,1.74203,1.00,1.00
2018.02.07 13:13:21.725,1.74177,1.74204,1.00,1.00
2018.02.07 13:13:22.250,1.74178,1.74204,1.00,1.00
2018.02.07 13:13:23.153,1.74177,1.74204,1.00,1.00
2018.02.07 13:13:23.561,1.74178,1.74206,1.00,1.00
2018.02.07 13:13:24.668,1.74177,1.74206,1.00,1.00
2018.02.07 13:13:26.237,1.74176,1.74206,1.00,1.00
2018.02.07 13:13:26.288,1.74176,1.74205,1.00,1.69
2018.02.07 13:13:26.717,1.74175,1.74208,3.56,2.25
2018.02.07 13:13:26.819,1.74178,1.74208,1.00,1.00
2018.02.07 13:13:27.534,1.74179,1.74208,1.00,1.00
2018.02.07 13:13:27.784,1.74184,1.74214,1.00,1.12
2018.02.07 13:13:28.546,1.74183,1.74214,2.44,2.06
2018.02.07 13:13:29.070,1.74185,1.74214,1.00,1.00
2018.02.07 13:13:29.838,1.74186,1.74214,1.00,1.00
2018.02.07 13:13:31.189,1.74187,1.74214,1.00,1.25
2018.02.07 13:13:31.368,1.74189,1.74218,1.00,1.00
2018.02.07 13:13:32.161,1.74193,1.7422,1.00,1.00
2018.02.07 13:13:32.214,1.74191,1.7422,1.00,1.25
2018.02.07 13:13:32.265,1.74189,1.7422,1.00,1.25
2018.02.07 13:13:33.182,1.74189,1.74219,1.50,1.00
2018.02.07 13:13:33.776,1.74189,1.7422,1.50,1.25
2018.02.07 13:13:34.345,1.74189,1.7422,1.50,3.00
2018.02.07 13:13:34.961,1.74191,1.74219,1.00,1.00
2018.02.07 13:13:36.043,1.74192,1.74219,1.00,1.00
2018.02.07 13:13:36.503,1.74189,1.74219,1.00,1.25
2018.02.07 13:13:37.612,1.74191,1.74219,1.00,1.25
2018.02.07 13:13:38.168,1.74192,1.74219,1.00,1.00
2018.02.07 13:13:38.219,1.74192,1.74221,1.00,1.00
2018.02.07 13:13:38.530,1.74198,1.74225,1.50,1.00
2018.02.07 13:13:38.632,1.74199,1.74229,1.25,1.00
2018.02.07 13:13:38.683,1.74202,1.7423,1.00,1.50
2018.02.07 13:13:39.108,1.74198,1.7423,1.69,1.25
2018.02.07 13:13:39.609,1.74199,1.7423,1.00,1.88
2018.02.07 13:13:40.170,1.74199,1.74229,1.88,1.44
2018.02.07 13:13:40.569,1.74205,1.74232,1.00,1.00
2018.02.07 13:13:40.749,1.74209,1.74237,1.00,1.13
2018.02.07 13:13:40.901,1.74206,1.74235,1.00,2.06
2018.02.07 13:13:41.003,1.74204,1.74232,1.00,1.50
2018.02.07 13:13:41.537,1.74202,1.74232,1.88,1.00
2018.02.07 13:13:42.137,1.74202,1.74231,1.00,1.00
2018.02.07 13:13:42.441,1.74199,1.74231,1.00,1.25
2018.02.07 13:13:42.970,1.742,1.74231,1.00,1.50
2018.02.07 13:13:43.496,1.74199,1.74231,1.50,1.25
2018.02.07 13:13:44.532,1.742,1.74231,1.00,2.25
2018.02.07 13:13:44.796,1.74205,1.74235,2.44,2.25
2018.02.07 13:13:45.051,1.74208,1.74239,1.00,2.44
2018.02.07 13:13:45.760,1.74208,1.74239,1.50,2.81
2018.02.07 13:13:46.298,1.74208,1.74239,1.25,1.25
2018.02.07 13:13:46.869,1.74208,1.74239,2.63,2.06
2018.02.07 13:13:47.272,1.74211,1.74239,1.00,1.00
2018.02.07 13:13:47.813,1.74212,1.74239,1.00,1.00
2018.02.07 13:13:47.915,1.7421,1.74239,1.00,1.50
2018.02.07 13:13:48.544,1.74209,1.74239,1.00,1.00
2018.02.07 13:13:48.595,1.74209,1.74239,1.50,2.06
2018.02.07 13:13:48.648,1.74209,1.74239,1.00,1.00
2018.02.07 13:13:49.189,1.74208,1.74239,1.00,1.00
2018.02.07 13:13:49.719,1.74207,1.74239,2.25,1.00
2018.02.07 13:13:50.174,1.74207,1.74235,1.25,1.00
2018.02.07 13:13:50.667,1.74207,1.74233,1.00,2.44
2018.02.07 13:13:50.718,1.74201,1.74228,1.00,1.00
2018.02.07 13:13:50.871,1.74198,1.74228,1.44,1.50
2018.02.07 13:13:51.540,1.74197,1.74228,1.44,1.00
2018.02.07 13:13:52.040,1.74196,1.74228,1.00,1.00
2018.02.07 13:13:52.092,1.74196,1.74222,1.00,1.19
2018.02.07 13:13:52.400,1.74187,1.74211,1.00,2.44
2018.02.07 13:13:52.451,1.74179,1.74211,2.25,1.50
2018.02.07 13:13:53.010,1.74182,1.74211,1.00,1.25
2018.02.07 13:13:53.714,1.74181,1.7421,1.00,1.00
2018.02.07 13:13:56.388,1.74178,1.74204,1.50,1.50
2018.02.07 13:13:56.439,1.74176,1.74203,1.00,1.00
2018.02.07 13:13:56.490,1.74173,1.74202,1.50,1.00
2018.02.07 13:13:56.643,1.74171,1.74202,1.25,1.00
2018.02.07 13:13:56.758,1.74171,1.742,1.25,1.00
2018.02.07 13:13:57.833,1.74171,1.742,1.31,1.00
2018.02.07 13:13:58.400,1.74171,1.742,1.12,1.00
2018.02.07 13:13:59.757,1.74171,1.74198,1.69,1.00
2018.02.07 13:14:00.164,1.7417,1.74194,1.00,1.00
2018.02.07 13:14:00.215,1.74168,1.74194,1.00,1.00
2018.02.07 13:14:00.322,1.74168,1.74196,1.00,1.00
2018.02.07 13:14:00.374,1.74169,1.74198,1.25,1.00
2018.02.07 13:14:01.135,1.74169,1.74197,1.25,1.00
2018.02.07 13:14:01.613,1.74168,1.74199,1.69,1.00
2018.02.07 13:14:02.616,1.74171,1.74199,1.00,1.00
2018.02.07 13:14:03.707,1.74171,1.742,2.25,1.00
2018.02.07 13:14:04.013,1.74173,1.74201,1.00,1.00
2018.02.07 13:14:04.514,1.74175,1.74201,1.00,1.00
2018.02.07 13:14:04.615,1.74173,1.74201,1.25,1.00
2018.02.07 13:14:05.287,1.74174,1.74202,1.00,1.50
2018.02.07 13:14:06.925,1.74178,1.74202,1.00,1.00
2018.02.07 13:14:06.976,1.7418,1.74205,1.00,1.00
2018.02.07 13:14:07.027,1.7418,1.74207,1.00,1.00
2018.02.07 13:14:07.118,1.7418,1.74209,1.00,1.00
2018.02.07 13:14:07.220,1.74184,1.7421,1.00,1.00
2018.02.07 13:14:07.466,1.74183,1.74212,1.00,1.50
2018.02.07 13:14:07.903,1.74181,1.74212,2.25,2.25
2018.02.07 13:14:08.441,1.74182,1.74212,1.50,1.00
2018.02.07 13:14:08.601,1.74184,1.74212,1.00,1.25
2018.02.07 13:14:09.133,1.74185,1.74212,1.00,1.25
2018.02.07 13:14:09.641,1.74184,1.74215,1.50,1.19
2018.02.07 13:14:10.172,1.74185,1.74215,1.00,1.19
2018.02.07 13:14:11.441,1.74183,1.74214,1.69,1.19
2018.02.07 13:14:12.453,1.74184,1.74213,1.00,1.25
2018.02.07 13:14:12.504,1.74186,1.74213,1.00,1.25
2018.02.07 13:14:13.440,1.74187,1.74217,1.00,2.63
2018.02.07 13:14:13.870,1.74185,1.74216,1.25,1.00
2018.02.07 13:14:15.311,1.74187,1.74216,1.00,1.00
2018.02.07 13:14:15.866,1.74185,1.74216,1.00,1.50
2018.02.07 13:14:16.019,1.74184,1.74213,1.50,1.00
2018.02.07 13:14:16.337,1.74203,1.74224,1.00,1.50
2018.02.07 13:14:16.440,1.74205,1.74227,1.25,1.00
2018.02.07 13:14:16.491,1.74206,1.74231,1.00,1.00
2018.02.07 13:14:16.760,1.74202,1.74231,1.00,1.00
2018.02.07 13:14:16.862,1.74203,1.74233,1.00,2.44
2018.02.07 13:14:17.390,1.74202,1.74232,1.00,1.00
2018.02.07 13:14:17.920,1.74201,1.74231,1.00,1.00
2018.02.07 13:14:20.457,1.74196,1.74226,1.00,1.00
2018.02.07 13:14:20.785,1.74188,1.74215,1.00,1.00
2018.02.07 13:14:21.390,1.74188,1.74216,1.00,1.00
2018.02.07 13:14:21.943,1.74188,1.74217,1.00,1.00
2018.02.07 13:14:23.432,1.74188,1.74216,1.00,1.00
2018.02.07 13:14:24.686,1.74188,1.74215,1.00,1.00
2018.02.07 13:14:25.163,1.74188,1.74219,1.50,3.38
2018.02.07 13:14:25.682,1.74187,1.74217,1.00,1.69
2018.02.07 13:14:26.384,1.74185,1.74217,1.00,1.69
2018.02.07 13:14:28.969,1.74185,1.74215,1.00,1.00
2018.02.07 13:14:29.599,1.74182,1.74214,2.44,1.25
2018.02.07 13:14:30.167,1.74183,1.74214,1.69,1.50
2018.02.07 13:14:31.513,1.74182,1.74211,1.50,2.06
2018.02.07 13:14:31.668,1.74176,1.74206,2.25,1.00
2018.02.07 13:14:31.770,1.74176,1.74203,1.00,1.00
2018.02.07 13:14:31.957,1.74176,1.74205,1.00,1.00
2018.02.07 13:14:34.549,1.74176,1.74203,1.00,1.25
2018.02.07 13:14:34.652,1.7417,1.74201,1.00,1.00
2018.02.07 13:14:35.185,1.74171,1.74201,1.31,1.00
2018.02.07 13:14:35.802,1.74171,1.74203,2.06,1.19
2018.02.07 13:14:36.115,1.74174,1.74204,1.25,1.00
2018.02.07 13:14:36.637,1.74175,1.74204,1.00,1.00
2018.02.07 13:14:37.117,1.74178,1.74204,1.00,1.00
2018.02.07 13:14:37.637,1.74177,1.74204,1.00,1.00
2018.02.07 13:14:38.160,1.74178,1.74204,1.00,1.00
2018.02.07 13:14:39.714,1.74177,1.74204,1.50,1.00
2018.02.07 13:14:40.457,1.74179,1.74208,1.00,1.00
2018.02.07 13:14:40.531,1.74179,1.7421,1.00,1.00
2018.02.07 13:14:40.938,1.74183,1.74211,1.00,1.25
2018.02.07 13:14:41.448,1.74182,1.74211,1.00,1.00
2018.02.07 13:14:41.987,1.74185,1.74212,1.00,1.00
2018.02.07 13:14:42.142,1.74184,1.74215,1.50,1.00
2018.02.07 13:14:42.827,1.74182,1.74211,1.50,1.00
2018.02.07 13:14:43.178,1.74181,1.74209,1.00,1.25
2018.02.07 13:14:43.634,1.74179,1.74209,1.00,1.88
2018.02.07 13:14:44.912,1.74178,1.74208,1.50,1.00
2018.02.07 13:14:46.659,1.74177,1.74205,1.00,1.00
2018.02.07 13:14:46.839,1.7417,1.742,1.69,1.00
2018.02.07 13:14:46.993,1.7417,1.742,2.06,1.00
2018.02.07 13:14:47.045,1.7417,1.74202,2.06,1.00
2018.02.07 13:14:47.249,1.74171,1.74203,1.56,3.19
2018.02.07 13:14:47.863,1.74171,1.74203,1.56,1.00
2018.02.07 13:14:48.604,1.74171,1.74203,2.06,2.63
2018.02.07 13:14:49.236,1.74173,1.74203,2.06,1.00
2018.02.07 13:14:49.555,1.74175,1.74205,1.50,1.88
2018.02.07 13:14:50.149,1.74175,1.74205,1.50,1.25
2018.02.07 13:14:50.679,1.74175,1.74205,1.88,1.88
2018.02.07 13:14:51.245,1.74175,1.74205,1.50,1.25
2018.02.07 13:14:51.597,1.74175,1.74205,2.25,1.00
2018.02.07 13:14:52.314,1.74175,1.74205,2.06,1.50
2018.02.07 13:14:52.622,1.74161,1.7419,1.31,1.00
2018.02.07 13:14:52.928,1.74162,1.74193,1.56,1.25
2018.02.07 13:14:53.439,1.74163,1.74192,1.31,1.00
2018.02.07 13:14:54.176,1.74163,1.74192,1.25,1.00
2018.02.07 13:14:54.339,1.74163,1.74194,1.25,1.50
2018.02.07 13:14:54.739,1.74162,1.74192,1.56,1.00
2018.02.07 13:14:55.287,1.74161,1.74193,2.06,1.00
2018.02.07 13:14:55.796,1.74161,1.74194,2.06,2.25
2018.02.07 13:14:58.904,1.74168,1.74199,1.69,1.46
2018.02.07 13:14:59.211,1.74164,1.74195,1.00,1.00
2018.02.07 13:14:59.770,1.74166,1.74195,1.00,1.00
2018.02.07 13:15:00.653,1.74169,1.74197,1.00,1.00
2018.02.07 13:15:00.756,1.74167,1.74198,2.25,2.44
2018.02.07 13:15:00.807,1.74167,1.74195,1.00,1.00
2018.02.07 13:15:01.061,1.74164,1.74195,1.12,1.00
2018.02.07 13:15:01.601,1.74164,1.74194,1.69,1.00
2018.02.07 13:15:02.331,1.74164,1.74195,2.25,1.00
2018.02.07 13:15:03.020,1.74164,1.74196,1.50,1.00
2018.02.07 13:15:03.419,1.74165,1.74196,1.84,1.00
2018.02.07 13:15:03.679,1.74168,1.74199,1.50,1.50
2018.02.07 13:15:03.882,1.74168,1.74198,1.38,1.00
2018.02.07 13:15:03.933,1.74168,1.74198,1.25,1.00
2018.02.07 13:15:04.020,1.74168,1.74198,1.38,1.00
2018.02.07 13:15:04.147,1.74166,1.74199,1.69,3.00
2018.02.07 13:15:04.198,1.74166,1.74195,1.50,1.00
2018.02.07 13:15:04.780,1.74167,1.74195,1.00,1.00
2018.02.07 13:15:05.111,1.74165,1.74195,1.00,1.00
2018.02.07 13:15:05.163,1.74162,1.74194,1.50,2.25
2018.02.07 13:15:05.684,1.74161,1.74193,1.50,1.00
2018.02.07 13:15:05.974,1.74163,1.74193,1.00,1.00
2018.02.07 13:15:06.615,1.74164,1.74194,1.00,1.25
2018.02.07 13:15:07.233,1.74165,1.74194,1.00,1.25
2018.02.07 13:15:07.925,1.74167,1.74196,1.69,1.00
2018.02.07 13:15:08.137,1.74169,1.74201,1.00,1.69
2018.02.07 13:15:08.188,1.74171,1.742,1.00,1.44
2018.02.07 13:15:08.239,1.74171,1.74201,1.00,1.25
2018.02.07 13:15:08.997,1.7417,1.74201,1.50,2.44
2018.02.07 13:15:09.411,1.7417,1.742,1.69,1.44
2018.02.07 13:15:09.944,1.7417,1.74198,1.00,1.00
2018.02.07 13:15:10.099,1.7417,1.742,1.25,1.00
2018.02.07 13:15:10.618,1.7417,1.74201,1.50,1.50
2018.02.07 13:15:10.861,1.74173,1.74201,1.00,1.00
2018.02.07 13:15:11.493,1.74172,1.74201,1.00,1.00
2018.02.07 13:15:12.020,1.74173,1.74201,1.00,1.00
2018.02.07 13:15:13.544,1.74172,1.74201,1.00,1.00
2018.02.07 13:15:13.973,1.74165,1.74195,1.69,1.00
2018.02.07 13:15:14.313,1.74167,1.74197,1.00,1.50
2018.02.07 13:15:14.620,1.74174,1.74204,1.00,1.00
2018.02.07 13:15:15.242,1.74175,1.74204,1.00,1.25
2018.02.07 13:15:15.773,1.74174,1.74204,1.50,1.09
2018.02.07 13:15:16.079,1.74173,1.74201,1.25,1.00
2018.02.07 13:15:16.326,1.74172,1.74203,1.50,1.00
2018.02.07 13:15:16.428,1.74172,1.74201,1.25,1.00
2018.02.07 13:15:16.530,1.74172,1.74203,1.50,1.00
2018.02.07 13:15:16.733,1.74173,1.74203,1.31,1.25
2018.02.07 13:15:17.283,1.74172,1.74202,1.31,1.00
2018.02.07 13:15:17.942,1.74172,1.74203,2.06,1.50
2018.02.07 13:15:18.445,1.74174,1.74202,1.00,1.00
2018.02.07 13:15:18.975,1.74172,1.74203,2.06,1.25
2018.02.07 13:15:19.384,1.74172,1.74201,1.25,1.00
2018.02.07 13:15:21.266,1.74172,1.74202,1.00,1.00
2018.02.07 13:15:21.801,1.74172,1.74203,1.00,1.88
2018.02.07 13:15:22.425,1.74172,1.74203,1.44,1.88
2018.02.07 13:15:23.018,1.74172,1.74202,1.50,1.88
2018.02.07 13:15:23.872,1.74173,1.74203,1.00,1.00
2018.02.07 13:15:24.192,1.74176,1.74205,1.00,1.09
2018.02.07 13:15:24.877,1.74175,1.74205,1.00,1.84
2018.02.07 13:15:25.214,1.74175,1.74202,1.00,1.84
2018.02.07 13:15:25.484,1.74175,1.74205,1.25,2.03
2018.02.07 13:15:25.586,1.74175,1.74205,1.00,1.34
2018.02.07 13:15:25.904,1.74176,1.74205,1.38,1.00
2018.02.07 13:15:25.955,1.74176,1.74205,1.88,1.00
2018.02.07 13:15:26.057,1.74176,1.74208,2.06,3.19
2018.02.07 13:15:26.590,1.74177,1.74207,2.25,1.84
2018.02.07 13:15:27.119,1.74176,1.74206,2.06,1.00
2018.02.07 13:15:27.636,1.74176,1.74208,2.06,3.34
2018.02.07 13:15:27.854,1.74178,1.74207,1.00,1.50
2018.02.07 13:15:28.373,1.74177,1.74208,1.37,3.00
2018.02.07 13:15:28.851,1.74175,1.74203,1.00,2.63
2018.02.07 13:15:28.903,1.74173,1.74202,1.00,1.13
2018.02.07 13:15:28.954,1.74171,1.74201,1.00,1.09
2018.02.07 13:15:29.736,1.74171,1.742,1.00,1.00
2018.02.07 13:15:30.253,1.74171,1.74201,1.00,2.03
2018.02.07 13:15:30.771,1.74171,1.74202,2.25,2.03
2018.02.07 13:15:31.356,1.74171,1.74201,1.69,1.00
2018.02.07 13:15:31.458,1.74168,1.74199,2.06,1.34
2018.02.07 13:15:31.561,1.74173,1.74201,1.50,1.00
2018.02.07 13:15:33.105,1.7417,1.74201,2.06,1.50
2018.02.07 13:15:34.337,1.74173,1.74201,1.00,1.00
2018.02.07 13:15:34.977,1.74172,1.74201,1.31,1.00
2018.02.07 13:15:36.266,1.74171,1.74201,1.75,1.00
2018.02.07 13:15:36.912,1.7417,1.74201,2.81,2.25
2018.02.07 13:15:37.667,1.74172,1.74201,1.25,2.25
2018.02.07 13:15:37.995,1.74169,1.74201,1.31,1.50
2018.02.07 13:15:38.046,1.74169,1.74201,1.31,1.84
2018.02.07 13:15:38.347,1.74168,1.74194,1.00,1.84
2018.02.07 13:15:38.628,1.74166,1.74193,1.25,1.00
2018.02.07 13:15:39.140,1.74166,1.74192,1.00,1.00
2018.02.07 13:15:39.292,1.74166,1.74195,1.00,1.50
2018.02.07 13:15:39.756,1.74165,1.74192,1.31,1.00
2018.02.07 13:15:40.687,1.74165,1.74195,1.31,1.00
2018.02.07 13:15:41.163,1.74164,1.74194,1.25,1.50
2018.02.07 13:15:43.203,1.74165,1.74194,1.69,1.00
2018.02.07 13:15:43.746,1.74164,1.74194,1.56,1.50
2018.02.07 13:15:45.298,1.74165,1.74193,1.31,1.50
2018.02.07 13:15:45.816,1.74164,1.74194,1.56,1.00
2018.02.07 13:15:46.362,1.74164,1.74193,1.50,1.00
2018.02.07 13:15:46.782,1.74163,1.7419,1.50,1.00
2018.02.07 13:15:48.238,1.74165,1.7419,1.13,1.00
2018.02.07 13:15:48.365,1.74165,1.74193,1.13,1.00
2018.02.07 13:15:48.886,1.74164,1.74194,1.13,2.25
2018.02.07 13:15:49.490,1.74165,1.74193,1.13,1.00
2018.02.07 13:15:50.507,1.74163,1.74194,2.06,1.00
2018.02.07 13:15:51.035,1.74162,1.7419,1.50,1.00
2018.02.07 13:15:51.136,1.74162,1.74192,2.06,1.00
2018.02.07 13:15:51.187,1.74164,1.74193,1.50,1.50
2018.02.07 13:15:52.604,1.74163,1.74195,1.56,1.84
2018.02.07 13:15:54.360,1.74163,1.74194,1.56,1.00
2018.02.07 13:15:56.491,1.74164,1.74194,2.06,1.00
2018.02.07 13:15:57.136,1.74164,1.74194,1.56,1.00
2018.02.07 13:15:57.858,1.74164,1.74194,1.37,1.00
2018.02.07 13:15:58.411,1.74164,1.74194,1.56,1.00
2018.02.07 13:15:59.554,1.74164,1.74195,1.56,1.50
2018.02.07 13:16:00.101,1.74164,1.74194,2.06,1.00
2018.02.07 13:16:01.190,1.74164,1.74195,2.81,1.50
2018.02.07 13:16:02.869,1.74165,1.74195,1.31,1.50
2018.02.07 13:16:03.257,1.74163,1.74193,1.94,1.00
2018.02.07 13:16:03.814,1.74163,1.74194,1.69,1.00
2018.02.07 13:16:04.149,1.74162,1.74189,1.00,1.00
2018.02.07 13:16:05.102,1.74158,1.74189,2.06,1.50
2018.02.07 13:16:06.460,1.74158,1.74188,2.06,1.00
2018.02.07 13:16:06.708,1.74158,1.74186,1.31,1.00
2018.02.07 13:16:07.285,1.74158,1.74187,1.31,1.00
2018.02.07 13:16:08.452,1.74158,1.74186,1.56,1.00
2018.02.07 13:16:08.660,1.74158,1.74189,2.06,1.50
2018.02.07 13:16:09.307,1.74158,1.74189,1.25,1.50
2018.02.07 13:16:09.763,1.74158,1.74186,1.69,1.00
2018.02.07 13:16:09.998,1.74159,1.74188,1.00,1.00
2018.02.07 13:16:10.979,1.74159,1.74189,1.25,1.00
2018.02.07 13:16:11.507,1.7416,1.7419,1.25,1.00
2018.02.07 13:16:11.608,1.74162,1.74193,1.00,3.19
2018.02.07 13:16:11.659,1.74164,1.74193,1.00,1.50
2018.02.07 13:16:11.761,1.74164,1.74195,2.06,1.00
2018.02.07 13:16:11.812,1.74164,1.74192,1.31,1.00
2018.02.07 13:16:11.913,1.74164,1.74195,1.25,1.50
2018.02.07 13:16:13.234,1.74164,1.74195,2.81,1.50
2018.02.07 13:16:13.546,1.74168,1.74196,1.50,1.00
2018.02.07 13:16:13.884,1.74174,1.742,1.00,1.00
2018.02.07 13:16:13.935,1.74172,1.74203,1.00,1.00
2018.02.07 13:16:13.986,1.74174,1.74203,1.00,1.00
2018.02.07 13:16:16.317,1.74175,1.74203,1.00,1.00
2018.02.07 13:16:17.765,1.74177,1.74203,1.25,1.50
2018.02.07 13:16:18.281,1.74177,1.74204,1.00,1.00
2018.02.07 13:16:19.060,1.74177,1.74203,1.00,1.00
2018.02.07 13:16:19.364,1.74169,1.74196,1.00,1.00
2018.02.07 13:16:19.667,1.74166,1.74195,1.44,1.00
