2013.05.15 15:00:00.184,1.54932,1.54956,1.17,2.44
2013.05.15 15:00:00.302,1.54932,1.54961,1.17,2.82
2013.05.15 15:00:00.723,1.54932,1.54961,1.17,1.69
2013.05.15 15:00:01.082,1.54932,1.54961,1.17,1.69
2013.05.15 15:00:01.467,1.54932,1.54961,1.09,1.69
2013.05.15 15:00:03.564,1.54934,1.5496,1.02,1.69
2013.05.15 15:00:04.261,1.54934,1.5496,1.02,1.69
2013.05.15 15:00:05.864,1.54932,1.54957,1.47,1.50
2013.05.15 15:00:07.415,1.54932,1.5496,1.28,2.44
2013.05.15 15:00:07.613,1.54932,1.54959,1.17,1.69
2013.05.15 15:00:08.112,1.54932,1.5496,1.17,1.69
2013.05.15 15:00:08.674,1.54933,1.54961,1.02,1.32
2013.05.15 15:00:08.972,1.54932,1.5496,1.32,1.69
2013.05.15 15:00:09.902,1.54937,1.5496,1.09,1.32
2013.05.15 15:00:10.025,1.54941,1.54964,1.13,1.69
2013.05.15 15:00:10.153,1.54941,1.54966,1.13,1.32
2013.05.15 15:00:10.522,1.54941,1.54968,1.20,2.44
2013.05.15 15:00:11.025,1.54941,1.54967,1.13,1.02
2013.05.15 15:00:11.453,1.54941,1.54971,1.13,2.03
2013.05.15 15:00:11.813,1.54932,1.54953,1.32,1.50
2013.05.15 15:00:11.873,1.54929,1.54952,1.69,1.13
2013.05.15 15:00:11.993,1.54925,1.54952,2.67,1.13
2013.05.15 15:00:12.113,1.54925,1.54952,2.67,1.13
2013.05.15 15:00:12.174,1.5493,1.54957,1.58,1.32
2013.05.15 15:00:12.652,1.54933,1.54959,1.02,1.13
2013.05.15 15:00:13.183,1.54933,1.54963,1.77,1.32
2013.05.15 15:00:13.544,1.54946,1.54966,1.13,1.32
2013.05.15 15:00:13.675,1.54946,1.54969,1.13,2.44
2013.05.15 15:00:13.805,1.54945,1.54969,1.17,1.69
2013.05.15 15:00:13.923,1.54945,1.54969,1.17,1.69
2013.05.15 15:00:14.589,1.5494,1.54968,1.20,1.69
2013.05.15 15:00:14.722,1.54937,1.5496,1.32,1.50
2013.05.15 15:00:14.782,1.54934,1.5496,1.02,1.50
2013.05.15 15:00:15.314,1.54932,1.54961,1.02,2.07
2013.05.15 15:00:15.446,1.54932,1.54961,1.02,2.07
2013.05.15 15:00:15.630,1.54932,1.54961,1.02,1.32
2013.05.15 15:00:15.873,1.54932,1.54961,1.02,2.07
2013.05.15 15:00:16.412,1.5493,1.5496,1.39,1.69
2013.05.15 15:00:16.996,1.54926,1.54946,2.18,1.50
2013.05.15 15:00:17.257,1.54916,1.54948,1.92,1.69
2013.05.15 15:00:17.444,1.5492,1.54949,1.02,2.44
2013.05.15 15:00:18.182,1.54924,1.54959,1.69,1.69
2013.05.15 15:00:18.304,1.54931,1.54959,1.13,1.69
2013.05.15 15:00:18.663,1.54944,1.54964,1.02,1.13
2013.05.15 15:00:18.724,1.54937,1.54961,1.02,1.13
2013.05.15 15:00:19.082,1.54932,1.54962,2.07,1.58
2013.05.15 15:00:19.972,1.54932,1.54959,1.13,1.69
2013.05.15 15:00:20.154,1.54931,1.5496,1.02,1.69
2013.05.15 15:00:20.274,1.54931,1.54959,1.32,2.44
2013.05.15 15:00:20.885,1.54932,1.54962,1.13,1.69
2013.05.15 15:00:21.075,1.54932,1.54959,1.13,1.69
2013.05.15 15:00:21.204,1.54931,1.5496,1.02,1.69
2013.05.15 15:00:21.563,1.54931,1.54962,1.02,1.32
2013.05.15 15:00:21.822,1.54931,1.54962,1.02,1.32
2013.05.15 15:00:21.946,1.54931,1.54964,1.77,2.44
2013.05.15 15:00:22.253,1.54942,1.54967,1.13,1.69
2013.05.15 15:00:22.313,1.54942,1.54968,1.13,1.69
2013.05.15 15:00:22.746,1.54939,1.54967,1.32,1.50
2013.05.15 15:00:22.814,1.54939,1.54968,1.69,1.69
2013.05.15 15:00:23.173,1.54936,1.54966,1.69,1.13
2013.05.15 15:00:23.233,1.54936,1.54963,1.69,1.13
2013.05.15 15:00:23.352,1.54933,1.54963,1.02,1.32
2013.05.15 15:00:24.243,1.54936,1.54968,1.02,1.02
2013.05.15 15:00:24.433,1.54945,1.54972,1.17,1.32
2013.05.15 15:00:24.900,1.54945,1.54976,1.17,1.32
2013.05.15 15:00:25.365,1.54955,1.54976,1.09,1.32
2013.05.15 15:00:25.482,1.54962,1.54984,1.13,1.69
2013.05.15 15:00:25.666,1.54962,1.54988,1.13,1.69
2013.05.15 15:00:26.457,1.54957,1.54985,1.50,1.69
2013.05.15 15:00:26.583,1.54957,1.54978,1.50,1.50
2013.05.15 15:00:27.102,1.5495,1.54977,1.02,1.13
2013.05.15 15:00:27.610,1.54951,1.54978,1.02,1.32
2013.05.15 15:00:30.422,1.54952,1.54975,1.17,1.13
2013.05.15 15:00:31.173,1.54943,1.54973,1.92,2.44
2013.05.15 15:00:31.485,1.5494,1.54968,2.29,3.00
2013.05.15 15:00:31.552,1.5494,1.54968,2.29,3.19
2013.05.15 15:00:32.102,1.54941,1.54965,1.92,1.50
2013.05.15 15:00:32.463,1.54934,1.54964,1.69,1.50
2013.05.15 15:00:32.583,1.54932,1.5496,1.32,1.50
2013.05.15 15:00:33.783,1.54937,1.54961,1.73,1.32
2013.05.15 15:00:34.182,1.54933,1.54961,1.17,1.32
2013.05.15 15:00:34.242,1.54933,1.54961,1.17,1.32
2013.05.15 15:00:34.363,1.54933,1.54961,1.17,1.32
2013.05.15 15:00:34.892,1.54933,1.5496,1.17,1.32
2013.05.15 15:00:35.193,1.54931,1.5496,1.73,1.32
2013.05.15 15:00:35.495,1.54931,1.5496,1.73,1.77
2013.05.15 15:00:35.613,1.5493,1.5496,1.17,1.77
2013.05.15 15:00:36.569,1.54927,1.54956,1.17,1.02
2013.05.15 15:00:37.314,1.54927,1.54956,1.92,1.02
2013.05.15 15:00:38.335,1.54933,1.54954,1.09,1.69
2013.05.15 15:00:38.523,1.54935,1.54959,1.80,1.32
2013.05.15 15:00:38.644,1.54937,1.54964,1.02,1.32
2013.05.15 15:00:38.704,1.54938,1.54964,1.39,1.69
2013.05.15 15:00:39.512,1.54936,1.54963,1.02,1.69
2013.05.15 15:00:39.816,1.54938,1.54964,1.02,1.69
2013.05.15 15:00:40.062,1.54931,1.5496,1.02,1.13
2013.05.15 15:00:40.864,1.54931,1.5496,1.99,1.13
2013.05.15 15:00:41.402,1.54932,1.54962,1.32,1.88
2013.05.15 15:00:41.914,1.54931,1.54964,1.32,1.69
2013.05.15 15:00:42.403,1.54931,1.54964,1.32,1.69
2013.05.15 15:00:42.463,1.54931,1.54964,1.32,2.44
2013.05.15 15:00:42.823,1.54931,1.54959,1.32,1.50
2013.05.15 15:00:43.004,1.54931,1.54955,1.13,1.69
2013.05.15 15:00:43.907,1.54926,1.54955,1.13,2.44
2013.05.15 15:00:44.436,1.54931,1.54955,1.13,2.44
2013.05.15 15:00:45.362,1.54926,1.54954,1.13,1.69
2013.05.15 15:00:45.483,1.54921,1.54953,1.32,1.69
2013.05.15 15:00:45.912,1.54921,1.54949,1.32,1.69
2013.05.15 15:00:45.972,1.54921,1.54944,1.32,1.50
2013.05.15 15:00:47.673,1.54917,1.54944,1.92,1.50
2013.05.15 15:00:48.012,1.54917,1.54945,1.92,1.88
2013.05.15 15:00:48.596,1.5492,1.54951,1.02,1.69
2013.05.15 15:00:48.664,1.5492,1.54948,1.02,1.69
2013.05.15 15:00:49.213,1.5492,1.54951,1.32,1.69
2013.05.15 15:00:49.893,1.5492,1.54951,1.32,1.69
2013.05.15 15:00:50.903,1.5492,1.54951,1.32,1.69
2013.05.15 15:00:51.312,1.5492,1.54951,1.32,1.69
2013.05.15 15:00:51.864,1.54921,1.54954,1.69,1.69
2013.05.15 15:00:52.043,1.54923,1.54953,1.58,1.69
2013.05.15 15:00:52.162,1.54927,1.54956,1.32,1.02
2013.05.15 15:00:52.724,1.54927,1.54956,1.32,1.02
2013.05.15 15:00:53.792,1.54927,1.54956,1.32,1.69
2013.05.15 15:00:54.092,1.54928,1.54959,1.32,2.44
2013.05.15 15:00:54.333,1.54931,1.54959,1.13,2.44
2013.05.15 15:00:54.454,1.54931,1.54959,1.39,1.50
2013.05.15 15:00:54.812,1.54934,1.54966,3.42,1.69
2013.05.15 15:00:55.242,1.54941,1.54969,1.13,1.69
2013.05.15 15:00:56.033,1.54936,1.54964,1.32,1.58
2013.05.15 15:00:56.216,1.54934,1.54959,1.69,1.50
2013.05.15 15:00:58.582,1.54932,1.54959,1.99,1.69
2013.05.15 15:01:01.512,1.54935,1.54959,1.73,1.50
2013.05.15 15:01:01.632,1.54935,1.54961,1.73,1.32
2013.05.15 15:01:02.174,1.54935,1.54963,1.73,1.32
2013.05.15 15:01:02.713,1.54937,1.54964,1.73,1.39
2013.05.15 15:01:02.953,1.54942,1.54968,1.13,1.69
2013.05.15 15:01:03.072,1.54938,1.54968,1.92,2.44
2013.05.15 15:01:03.252,1.54937,1.54966,1.73,1.69
2013.05.15 15:01:03.613,1.54945,1.54971,1.73,2.44
2013.05.15 15:01:04.913,1.54942,1.54968,1.69,1.69
2013.05.15 15:01:05.272,1.54941,1.54969,2.29,1.77
2013.05.15 15:01:05.575,1.54941,1.54968,2.10,1.02
2013.05.15 15:01:06.588,1.54941,1.5497,1.39,1.32
2013.05.15 15:01:06.833,1.5494,1.54969,2.29,1.02
2013.05.15 15:01:06.901,1.5494,1.54973,2.29,1.77
2013.05.15 15:01:07.924,1.54945,1.54975,1.32,1.69
2013.05.15 15:01:08.874,1.54942,1.54972,1.32,1.69
2013.05.15 15:01:09.308,1.54944,1.54972,1.32,1.69
2013.05.15 15:01:09.692,1.54945,1.54973,1.32,1.02
2013.05.15 15:01:09.878,1.54943,1.54972,1.02,1.69
2013.05.15 15:01:10.454,1.5494,1.54973,3.12,2.44
2013.05.15 15:01:11.122,1.5494,1.54973,2.14,2.44
2013.05.15 15:01:11.183,1.54939,1.54968,1.32,1.50
2013.05.15 15:01:11.306,1.54939,1.54968,1.32,1.69
2013.05.15 15:01:11.913,1.54936,1.54961,1.73,1.69
2013.05.15 15:01:12.613,1.54937,1.54962,1.73,1.32
2013.05.15 15:01:13.113,1.54937,1.54963,1.73,1.13
2013.05.15 15:01:13.868,1.54937,1.54969,1.50,1.69
2013.05.15 15:01:14.172,1.54945,1.54973,1.13,2.44
2013.05.15 15:01:15.364,1.54945,1.54973,1.32,1.69
2013.05.15 15:01:15.952,1.54945,1.54976,1.02,2.44
2013.05.15 15:01:16.192,1.54951,1.54979,1.13,1.69
2013.05.15 15:01:16.672,1.5495,1.54981,1.02,2.07
2013.05.15 15:01:17.454,1.5495,1.54979,1.02,1.69
2013.05.15 15:01:17.514,1.54949,1.54978,1.02,1.69
2013.05.15 15:01:17.763,1.54951,1.54978,1.13,1.02
2013.05.15 15:01:18.263,1.54952,1.54979,1.13,1.02
2013.05.15 15:01:18.622,1.54952,1.54982,1.13,1.02
2013.05.15 15:01:18.742,1.54954,1.54984,1.39,1.69
2013.05.15 15:01:20.722,1.54962,1.54985,1.13,1.02
2013.05.15 15:01:24.013,1.54953,1.54986,1.32,1.02
2013.05.15 15:01:24.414,1.54961,1.54986,1.13,1.02
2013.05.15 15:01:25.763,1.54961,1.54987,1.13,1.69
2013.05.15 15:01:28.395,1.54961,1.54987,1.39,1.69
2013.05.15 15:01:29.872,1.54957,1.54987,1.39,1.69
2013.05.15 15:01:30.873,1.54954,1.54986,1.32,1.99
2013.05.15 15:01:31.232,1.54957,1.54986,1.32,2.67
2013.05.15 15:01:32.433,1.54956,1.54985,1.32,1.02
2013.05.15 15:01:32.612,1.54956,1.54985,1.32,1.02
2013.05.15 15:01:34.869,1.54955,1.54984,1.32,1.02
2013.05.15 15:01:35.172,1.54956,1.54984,1.32,1.02
2013.05.15 15:01:35.314,1.54956,1.54984,1.32,1.02
2013.05.15 15:01:35.693,1.54956,1.54983,1.32,1.02
2013.05.15 15:01:36.121,1.54956,1.54982,1.32,1.02
2013.05.15 15:01:36.513,1.54956,1.54984,1.13,1.02
2013.05.15 15:01:38.405,1.54956,1.54983,1.13,1.02
2013.05.15 15:01:39.163,1.54953,1.54984,1.77,1.13
2013.05.15 15:01:40.593,1.5496,1.54989,1.09,1.88
2013.05.15 15:01:40.832,1.54969,1.54995,1.13,1.69
2013.05.15 15:01:41.193,1.54963,1.54986,1.73,1.13
2013.05.15 15:01:41.424,1.54963,1.54993,2.48,1.32
2013.05.15 15:01:41.482,1.54963,1.54995,1.73,1.77
2013.05.15 15:01:41.662,1.54963,1.54989,1.73,1.50
2013.05.15 15:01:42.241,1.54963,1.54989,2.48,1.88
2013.05.15 15:01:43.184,1.54962,1.54986,1.17,1.13
2013.05.15 15:01:43.422,1.54965,1.54993,1.13,1.69
2013.05.15 15:01:43.782,1.54966,1.54994,2.29,1.02
2013.05.15 15:01:44.273,1.54964,1.54994,1.54,1.02
2013.05.15 15:01:44.394,1.54966,1.54994,1.32,1.02
2013.05.15 15:01:44.637,1.54961,1.54993,1.32,2.44
2013.05.15 15:01:44.833,1.54957,1.54991,1.92,1.69
2013.05.15 15:01:45.252,1.54956,1.54989,2.67,1.95
2013.05.15 15:01:45.793,1.54952,1.54983,1.69,1.13
2013.05.15 15:01:47.782,1.54951,1.54982,1.92,1.13
2013.05.15 15:01:48.273,1.54952,1.54984,1.69,1.50
2013.05.15 15:01:48.333,1.54952,1.54984,1.69,2.25
2013.05.15 15:01:48.894,1.54955,1.54985,1.02,1.88
2013.05.15 15:01:49.423,1.54955,1.54984,1.32,1.95
2013.05.15 15:01:49.873,1.54955,1.54984,1.32,1.95
2013.05.15 15:01:50.086,1.54955,1.54984,1.32,1.20
2013.05.15 15:01:51.951,1.54955,1.54987,1.02,2.48
2013.05.15 15:01:52.082,1.54955,1.54987,1.02,3.00
2013.05.15 15:01:53.032,1.54956,1.54985,1.02,1.88
2013.05.15 15:01:53.672,1.54956,1.54985,1.77,1.13
2013.05.15 15:01:53.976,1.54964,1.54991,1.13,1.02
2013.05.15 15:01:54.045,1.54964,1.54994,1.13,2.74
2013.05.15 15:01:54.769,1.54966,1.54994,1.50,2.44
2013.05.15 15:01:55.093,1.54966,1.54998,1.50,1.69
2013.05.15 15:01:55.293,1.54967,1.54995,1.50,1.88
2013.05.15 15:01:55.646,1.54967,1.54995,2.25,1.88
2013.05.15 15:01:57.362,1.54965,1.54994,1.32,1.88
2013.05.15 15:01:57.785,1.54964,1.54991,1.32,1.88
2013.05.15 15:01:58.114,1.54965,1.54993,1.69,1.69
2013.05.15 15:01:58.724,1.54965,1.54992,1.50,1.32
2013.05.15 15:01:59.142,1.54965,1.54993,1.50,1.13
2013.05.15 15:02:00.404,1.54965,1.54988,1.50,1.69
2013.05.15 15:02:01.408,1.54964,1.54989,1.13,2.67
2013.05.15 15:02:01.496,1.54964,1.54992,1.13,2.44
2013.05.15 15:02:01.742,1.54964,1.54992,1.13,1.69
2013.05.15 15:02:02.423,1.54958,1.54993,2.67,1.13
2013.05.15 15:02:02.483,1.54958,1.54989,1.69,1.13
2013.05.15 15:02:02.663,1.54961,1.54989,1.32,1.32
2013.05.15 15:02:03.102,1.54956,1.54987,1.39,1.69
2013.05.15 15:02:03.299,1.54956,1.54984,1.39,2.82
2013.05.15 15:02:03.367,1.5495,1.54982,1.92,1.32
2013.05.15 15:02:03.672,1.54955,1.54982,1.50,1.32
2013.05.15 15:02:04.156,1.54956,1.54984,1.13,1.69
2013.05.15 15:02:04.852,1.54956,1.54985,1.13,1.69
2013.05.15 15:02:06.494,1.54953,1.54979,1.32,1.13
2013.05.15 15:02:06.675,1.54949,1.54979,1.92,1.88
2013.05.15 15:02:06.806,1.54947,1.54979,1.02,1.69
2013.05.15 15:02:06.993,1.54944,1.54978,1.69,1.13
2013.05.15 15:02:08.613,1.54946,1.54976,1.92,1.32
2013.05.15 15:02:09.915,1.54953,1.54976,1.50,2.82
2013.05.15 15:02:10.275,1.5495,1.54981,1.73,1.32
2013.05.15 15:02:10.334,1.54948,1.54981,1.99,1.32
2013.05.15 15:02:10.632,1.54954,1.54983,1.02,1.69
2013.05.15 15:02:13.672,1.54954,1.54982,1.02,1.32
2013.05.15 15:02:13.733,1.5495,1.54982,1.92,1.69
2013.05.15 15:02:13.913,1.5495,1.54979,1.92,1.32
2013.05.15 15:02:13.973,1.5495,1.54979,1.73,1.32
2013.05.15 15:02:15.388,1.54949,1.54978,1.73,1.69
2013.05.15 15:02:15.942,1.5495,1.54979,1.92,1.32
2013.05.15 15:02:17.422,1.54949,1.54981,1.92,1.69
2013.05.15 15:02:18.115,1.54956,1.54989,1.69,2.07
2013.05.15 15:02:18.424,1.54951,1.54984,1.69,1.32
2013.05.15 15:02:19.232,1.54952,1.54982,1.50,1.77
2013.05.15 15:02:19.354,1.54948,1.54982,1.69,1.32
2013.05.15 15:02:19.482,1.54948,1.54982,1.69,1.32
2013.05.15 15:02:20.093,1.54945,1.54977,1.32,1.69
2013.05.15 15:02:20.214,1.54946,1.54976,1.32,1.95
2013.05.15 15:02:20.573,1.54944,1.54975,1.13,2.14
2013.05.15 15:02:20.752,1.54946,1.54976,1.50,1.13
2013.05.15 15:02:20.812,1.54946,1.54976,1.69,1.13
2013.05.15 15:02:21.443,1.5495,1.54982,1.13,2.07
2013.05.15 15:02:21.683,1.54953,1.54987,1.92,1.65
2013.05.15 15:02:22.105,1.54956,1.54987,1.73,2.07
2013.05.15 15:02:23.414,1.54952,1.54987,1.92,1.32
2013.05.15 15:02:24.744,1.54949,1.54982,1.02,1.69
2013.05.15 15:02:24.985,1.54948,1.54977,1.69,1.50
2013.05.15 15:02:25.173,1.54944,1.54977,1.32,1.69
2013.05.15 15:02:25.826,1.54944,1.54977,1.32,1.69
2013.05.15 15:02:26.696,1.54942,1.54972,1.02,1.69
2013.05.15 15:02:26.765,1.5493,1.54958,1.02,1.50
2013.05.15 15:02:26.893,1.5493,1.54958,1.02,2.44
2013.05.15 15:02:27.514,1.5493,1.54957,1.99,1.13
2013.05.15 15:02:27.939,1.54934,1.54964,1.02,1.13
2013.05.15 15:02:28.491,1.54931,1.54964,1.02,1.32
2013.05.15 15:02:31.629,1.54935,1.54964,1.73,1.88
2013.05.15 15:02:32.582,1.54933,1.54964,1.92,1.88
2013.05.15 15:02:33.093,1.54934,1.54964,1.92,1.88
2013.05.15 15:02:34.633,1.54935,1.54964,1.73,1.13
2013.05.15 15:02:34.873,1.54936,1.54968,1.92,1.88
2013.05.15 15:02:36.013,1.54938,1.54969,1.69,1.32
2013.05.15 15:02:36.133,1.54938,1.54971,1.69,2.63
2013.05.15 15:02:37.460,1.54937,1.5497,1.69,1.50
2013.05.15 15:02:37.785,1.5494,1.54964,1.92,1.13
2013.05.15 15:02:38.243,1.5494,1.54966,1.92,1.32
2013.05.15 15:02:38.554,1.54939,1.54966,1.92,1.32
2013.05.15 15:02:38.732,1.5494,1.54969,1.02,1.69
2013.05.15 15:02:38.924,1.54939,1.54967,1.92,1.13
2013.05.15 15:02:39.103,1.54939,1.54962,1.92,1.13
2013.05.15 15:02:40.832,1.54939,1.54962,1.92,1.13
2013.05.15 15:02:41.462,1.54937,1.54962,1.92,1.13
2013.05.15 15:02:42.093,1.54937,1.54962,1.73,1.13
2013.05.15 15:02:43.222,1.5493,1.54961,1.92,1.32
2013.05.15 15:02:43.402,1.5493,1.54959,1.92,1.50
2013.05.15 15:02:43.463,1.5493,1.54957,1.69,1.02
2013.05.15 15:02:43.642,1.54924,1.54955,2.44,1.13
2013.05.15 15:02:43.973,1.54924,1.54955,3.42,1.32
2013.05.15 15:02:45.152,1.54927,1.54955,1.92,1.32
2013.05.15 15:02:45.575,1.54925,1.54955,1.92,2.07
2013.05.15 15:02:50.787,1.5493,1.5496,1.02,1.13
2013.05.15 15:02:51.453,1.5493,1.54959,1.02,1.13
2013.05.15 15:02:51.993,1.5493,1.54956,1.02,1.69
2013.05.15 15:02:52.117,1.5493,1.54956,1.02,1.69
2013.05.15 15:02:52.573,1.5493,1.54961,1.02,1.88
2013.05.15 15:02:52.812,1.54923,1.54955,1.39,1.13
2013.05.15 15:02:53.422,1.54922,1.54949,1.92,1.13
2013.05.15 15:02:53.766,1.54925,1.54949,1.73,1.32
2013.05.15 15:02:54.132,1.54924,1.5495,1.80,1.32
2013.05.15 15:02:54.639,1.54925,1.54949,1.80,1.13
2013.05.15 15:02:55.402,1.54925,1.5495,1.73,1.13
2013.05.15 15:02:55.915,1.54928,1.5495,1.73,1.13
2013.05.15 15:02:56.094,1.54935,1.54957,1.73,1.32
2013.05.15 15:02:56.166,1.54935,1.54957,1.73,1.32
2013.05.15 15:02:57.054,1.54933,1.54961,1.80,1.69
2013.05.15 15:02:57.182,1.54933,1.54961,1.80,1.69
2013.05.15 15:02:57.906,1.54935,1.54967,1.84,1.32
2013.05.15 15:02:58.223,1.54941,1.54971,1.80,1.69
2013.05.15 15:02:58.394,1.54941,1.54971,1.80,1.69
2013.05.15 15:02:59.443,1.54942,1.54971,1.73,1.69
2013.05.15 15:02:59.697,1.54947,1.54971,1.73,1.69
2013.05.15 15:03:00.003,1.54949,1.54976,1.73,2.63
2013.05.15 15:03:01.606,1.54949,1.54978,1.73,1.69
2013.05.15 15:03:01.733,1.54948,1.54977,1.92,1.69
2013.05.15 15:03:02.134,1.5495,1.54979,1.92,3.75
2013.05.15 15:03:02.512,1.54949,1.54979,1.92,2.82
2013.05.15 15:03:02.632,1.54949,1.54979,2.67,2.07
2013.05.15 15:03:02.993,1.54951,1.54979,1.92,1.13
2013.05.15 15:03:03.184,1.54951,1.54982,1.92,2.07
2013.05.15 15:03:03.719,1.5495,1.54982,1.92,2.07
2013.05.15 15:03:04.233,1.5495,1.54983,1.92,1.69
2013.05.15 15:03:05.916,1.5495,1.54983,1.99,1.69
2013.05.15 15:03:06.712,1.54954,1.54985,1.32,1.69
2013.05.15 15:03:07.782,1.54954,1.54987,1.32,1.69
2013.05.15 15:03:08.882,1.54957,1.54989,1.02,2.44
2013.05.15 15:03:09.543,1.54957,1.54989,1.02,1.69
2013.05.15 15:03:09.885,1.54957,1.54989,1.02,2.44
2013.05.15 15:03:10.114,1.54957,1.54989,1.02,3.94
2013.05.15 15:03:10.476,1.54953,1.54979,1.02,1.50
2013.05.15 15:03:10.916,1.54951,1.54979,1.02,1.69
2013.05.15 15:03:11.228,1.54951,1.54982,1.02,1.32
2013.05.15 15:03:11.294,1.54951,1.54982,1.02,1.32
2013.05.15 15:03:11.415,1.54955,1.54984,1.32,1.69
2013.05.15 15:03:11.843,1.54951,1.54982,1.02,2.07
2013.05.15 15:03:12.203,1.54945,1.54974,1.32,1.50
2013.05.15 15:03:12.523,1.54941,1.54974,2.74,1.69
2013.05.15 15:03:13.483,1.54941,1.54966,2.67,1.13
2013.05.15 15:03:16.513,1.54942,1.54969,1.73,1.88
2013.05.15 15:03:16.872,1.54942,1.54969,1.80,1.32
2013.05.15 15:03:16.932,1.54942,1.54971,1.80,1.32
2013.05.15 15:03:17.281,1.54951,1.54975,1.73,1.50
2013.05.15 15:03:17.403,1.54949,1.5498,1.02,1.32
2013.05.15 15:03:18.363,1.54949,1.54979,1.99,1.69
2013.05.15 15:03:18.821,1.54949,1.54979,1.99,1.69
2013.05.15 15:03:19.207,1.54951,1.54979,1.92,1.69
2013.05.15 15:03:19.663,1.54954,1.54982,1.32,1.69
2013.05.15 15:03:19.726,1.54956,1.5498,1.02,1.32
2013.05.15 15:03:20.034,1.54963,1.54983,1.13,1.50
2013.05.15 15:03:20.213,1.54976,1.54992,1.13,1.73
2013.05.15 15:03:20.332,1.5497,1.54994,1.58,1.17
2013.05.15 15:03:20.393,1.5497,1.55001,1.58,1.69
2013.05.15 15:03:20.455,1.54978,1.55003,1.13,2.44
2013.05.15 15:03:20.703,1.54975,1.55003,1.32,2.25
2013.05.15 15:03:20.764,1.54979,1.54999,1.32,1.50
2013.05.15 15:03:21.182,1.54975,1.55,1.13,1.32
2013.05.15 15:03:21.956,1.54966,1.54992,1.32,1.50
2013.05.15 15:03:22.084,1.54961,1.54989,1.02,2.07
2013.05.15 15:03:22.204,1.5496,1.54988,1.02,1.50
2013.05.15 15:03:22.391,1.5496,1.54988,1.02,2.25
2013.05.15 15:03:22.833,1.54957,1.54986,2.14,1.50
2013.05.15 15:03:23.141,1.54963,1.54993,1.02,2.67
2013.05.15 15:03:23.261,1.54963,1.54991,1.02,1.32
2013.05.15 15:03:23.394,1.54963,1.54987,1.02,1.50
2013.05.15 15:03:23.452,1.54963,1.54987,1.02,1.50
2013.05.15 15:03:23.877,1.54955,1.5498,1.02,1.13
2013.05.15 15:03:23.956,1.54955,1.54978,1.02,1.50
2013.05.15 15:03:24.264,1.54955,1.54983,1.69,1.50
2013.05.15 15:03:24.446,1.5496,1.54983,1.50,1.50
2013.05.15 15:03:24.992,1.54961,1.54989,1.50,1.69
2013.05.15 15:03:25.172,1.54958,1.54986,1.92,1.13
2013.05.15 15:03:25.292,1.54958,1.54986,1.92,1.69
2013.05.15 15:03:25.412,1.54957,1.54986,1.02,1.69
2013.05.15 15:03:25.894,1.54959,1.54986,1.92,1.69
2013.05.15 15:03:26.922,1.54961,1.54991,1.69,1.32
2013.05.15 15:03:27.941,1.54966,1.54995,1.50,1.69
2013.05.15 15:03:28.362,1.54966,1.54995,1.50,1.69
2013.05.15 15:03:28.422,1.54966,1.54995,1.50,1.69
2013.05.15 15:03:28.902,1.54966,1.54995,1.50,1.69
2013.05.15 15:03:29.245,1.54966,1.54995,1.69,1.69
2013.05.15 15:03:29.613,1.5496,1.54988,1.02,1.50
2013.05.15 15:03:29.677,1.5496,1.54988,1.02,1.50
2013.05.15 15:03:30.264,1.54956,1.54983,1.92,1.32
2013.05.15 15:03:30.402,1.54954,1.54983,1.92,1.88
2013.05.15 15:03:30.642,1.54965,1.54986,1.13,1.69
2013.05.15 15:03:30.942,1.54965,1.54991,1.13,1.69
2013.05.15 15:03:31.421,1.54955,1.54987,1.39,2.44
2013.05.15 15:03:31.662,1.54954,1.54984,1.02,2.25
2013.05.15 15:03:31.723,1.54949,1.54981,1.99,1.32
2013.05.15 15:03:31.842,1.54949,1.54978,1.99,1.13
2013.05.15 15:03:32.681,1.54948,1.54975,1.69,1.13
2013.05.15 15:03:32.742,1.54943,1.54972,1.69,1.13
2013.05.15 15:03:33.101,1.54943,1.54972,1.69,1.13
2013.05.15 15:03:33.402,1.54943,1.54965,1.69,1.13
2013.05.15 15:03:33.461,1.54938,1.54965,1.69,1.13
2013.05.15 15:03:33.762,1.54938,1.5497,1.69,1.32
2013.05.15 15:03:33.943,1.54938,1.54968,1.69,1.50
2013.05.15 15:03:35.501,1.54937,1.54968,1.69,1.69
2013.05.15 15:03:35.685,1.54935,1.54967,1.02,1.32
2013.05.15 15:03:35.758,1.54935,1.54964,1.02,1.69
2013.05.15 15:03:36.002,1.54935,1.54961,1.02,1.50
2013.05.15 15:03:36.063,1.54931,1.5496,1.69,1.50
2013.05.15 15:03:36.125,1.54927,1.5496,1.32,1.69
2013.05.15 15:03:36.254,1.5493,1.54962,1.69,1.32
2013.05.15 15:03:36.378,1.5493,1.54961,2.07,1.69
2013.05.15 15:03:36.921,1.54934,1.54965,1.13,1.69
2013.05.15 15:03:37.282,1.54926,1.5496,1.69,1.69
2013.05.15 15:03:38.063,1.54926,1.54959,1.69,1.69
2013.05.15 15:03:38.962,1.54923,1.54953,1.73,1.69
2013.05.15 15:03:39.033,1.54915,1.54944,1.32,2.25
2013.05.15 15:03:39.272,1.54916,1.54944,1.32,1.69
2013.05.15 15:03:39.333,1.54913,1.54944,1.32,1.69
2013.05.15 15:03:39.699,1.54917,1.54944,1.02,1.69
2013.05.15 15:03:40.003,1.54917,1.54949,1.02,1.88
2013.05.15 15:03:40.064,1.5492,1.54952,1.39,1.69
2013.05.15 15:03:40.571,1.5492,1.54953,2.14,1.39
2013.05.15 15:03:41.172,1.5492,1.54953,2.14,1.39
2013.05.15 15:03:41.652,1.5492,1.54949,1.02,1.13
2013.05.15 15:03:41.963,1.54919,1.5495,1.02,1.13
2013.05.15 15:03:42.400,1.54919,1.5495,1.02,1.13
2013.05.15 15:03:42.955,1.54919,1.54945,1.13,1.13
2013.05.15 15:03:43.024,1.54915,1.54945,1.35,1.88
2013.05.15 15:03:43.084,1.54916,1.54945,1.13,1.13
2013.05.15 15:03:43.625,1.54919,1.5495,1.69,1.32
2013.05.15 15:03:44.513,1.54919,1.5495,1.69,1.32
2013.05.15 15:03:45.635,1.54916,1.5495,1.69,1.69
2013.05.15 15:03:46.513,1.54913,1.54946,1.69,1.73
2013.05.15 15:03:46.753,1.54912,1.54945,1.13,1.69
2013.05.15 15:03:46.933,1.54907,1.54941,1.69,1.69
2013.05.15 15:03:47.173,1.54907,1.54941,1.88,1.69
2013.05.15 15:03:47.432,1.54908,1.54941,1.69,1.69
2013.05.15 15:03:47.762,1.54913,1.54945,1.50,1.92
2013.05.15 15:03:47.827,1.54913,1.54946,1.69,2.07
2013.05.15 15:03:47.957,1.54916,1.54946,1.69,1.32
2013.05.15 15:03:48.143,1.54917,1.54949,1.69,1.69
2013.05.15 15:03:48.783,1.54917,1.5495,1.88,1.69
2013.05.15 15:03:49.402,1.54924,1.54952,1.50,1.69
2013.05.15 15:03:49.642,1.54924,1.54955,2.07,1.69
2013.05.15 15:03:49.943,1.54921,1.54954,1.69,1.69
2013.05.15 15:03:50.492,1.54921,1.54952,1.69,1.50
2013.05.15 15:03:50.862,1.5492,1.54952,1.39,1.69
2013.05.15 15:03:52.357,1.5492,1.54951,1.39,1.69
2013.05.15 15:03:52.447,1.54921,1.54951,1.69,1.69
2013.05.15 15:03:52.513,1.54929,1.54954,1.13,1.92
2013.05.15 15:03:52.815,1.54927,1.54957,1.02,1.69
2013.05.15 15:03:53.187,1.54926,1.54957,1.32,1.69
2013.05.15 15:03:53.432,1.54923,1.54953,1.02,1.13
2013.05.15 15:03:53.492,1.54924,1.54952,1.02,1.50
2013.05.15 15:03:53.911,1.54918,1.5495,1.69,1.50
2013.05.15 15:03:54.092,1.54918,1.54949,1.02,1.69
2013.05.15 15:03:54.649,1.54917,1.54953,1.02,2.44
2013.05.15 15:03:54.771,1.54917,1.54953,1.02,1.69
2013.05.15 15:03:55.091,1.54917,1.54953,1.02,2.44
2013.05.15 15:03:55.453,1.5492,1.54951,1.50,2.44
2013.05.15 15:03:55.792,1.54915,1.5495,1.77,1.69
2013.05.15 15:03:55.973,1.54916,1.54947,1.69,1.69
2013.05.15 15:03:56.153,1.54917,1.54943,1.69,1.50
2013.05.15 15:03:56.512,1.54917,1.54945,1.69,1.69
2013.05.15 15:03:56.872,1.54914,1.54946,1.69,2.44
2013.05.15 15:03:57.472,1.54918,1.54948,1.92,1.69
2013.05.15 15:03:57.894,1.54916,1.54948,1.77,2.44
2013.05.15 15:03:58.414,1.54916,1.54948,1.77,1.69
2013.05.15 15:03:59.534,1.54916,1.54948,1.77,1.69
2013.05.15 15:03:59.663,1.54916,1.54948,1.77,1.69
2013.05.15 15:03:59.842,1.54916,1.54942,1.02,1.50
2013.05.15 15:04:00.093,1.54917,1.54948,1.69,2.44
2013.05.15 15:04:00.273,1.54917,1.54948,1.69,2.44
2013.05.15 15:04:00.971,1.54917,1.54948,1.69,2.44
2013.05.15 15:04:01.371,1.54917,1.54943,1.69,1.69
2013.05.15 15:04:01.433,1.54915,1.54941,1.13,1.50
2013.05.15 15:04:01.791,1.54906,1.54929,1.69,1.50
2013.05.15 15:04:01.913,1.549,1.54932,1.32,1.69
2013.05.15 15:04:02.423,1.54901,1.54932,1.69,2.44
2013.05.15 15:04:02.782,1.54901,1.54932,1.77,2.44
2013.05.15 15:04:03.272,1.54901,1.54928,1.77,1.69
2013.05.15 15:04:03.813,1.54899,1.54931,1.69,2.44
2013.05.15 15:04:03.932,1.54898,1.54929,1.13,1.69
2013.05.15 15:04:04.181,1.54897,1.54928,1.69,1.32
2013.05.15 15:04:04.661,1.54901,1.54928,1.69,1.73
2013.05.15 15:04:04.932,1.54901,1.54931,1.69,1.69
2013.05.15 15:04:05.792,1.54905,1.54935,1.50,1.92
2013.05.15 15:04:06.576,1.54903,1.54936,2.07,1.69
2013.05.15 15:04:06.642,1.54903,1.54936,2.07,1.69
2013.05.15 15:04:07.662,1.54903,1.54936,2.07,1.69
2013.05.15 15:04:07.913,1.54904,1.54936,1.32,1.69
2013.05.15 15:04:08.153,1.54906,1.54939,2.07,1.69
2013.05.15 15:04:08.391,1.54915,1.5494,1.32,1.69
2013.05.15 15:04:08.937,1.54916,1.54949,1.02,2.44
2013.05.15 15:04:09.203,1.5492,1.5495,1.24,1.69
2013.05.15 15:04:09.689,1.5492,1.54953,1.92,3.19
2013.05.15 15:04:10.912,1.5492,1.54953,1.92,2.44
2013.05.15 15:04:11.271,1.54918,1.54949,3.42,1.69
2013.05.15 15:04:11.393,1.54918,1.54952,4.17,1.32
2013.05.15 15:04:11.932,1.54918,1.54948,1.32,1.50
2013.05.15 15:04:12.053,1.54915,1.54946,1.69,1.32
2013.05.15 15:04:12.611,1.54914,1.54945,1.69,1.50
2013.05.15 15:04:14.432,1.54916,1.54949,1.02,2.44
2013.05.15 15:04:14.492,1.54916,1.54949,1.02,2.44
2013.05.15 15:04:15.033,1.54921,1.54952,1.02,1.69
2013.05.15 15:04:16.449,1.54921,1.54952,1.02,1.69
2013.05.15 15:04:16.872,1.54922,1.54952,1.02,1.69
2013.05.15 15:04:18.261,1.54922,1.54952,1.02,1.69
2013.05.15 15:04:18.966,1.54922,1.54952,1.02,1.69
2013.05.15 15:04:19.272,1.54922,1.54953,1.92,1.69
2013.05.15 15:04:19.333,1.54922,1.5495,1.92,1.69
2013.05.15 15:04:19.872,1.54923,1.54956,1.92,1.69
2013.05.15 15:04:19.932,1.54929,1.54956,1.58,1.69
2013.05.15 15:04:19.992,1.54929,1.54959,1.77,1.69
2013.05.15 15:04:20.413,1.54932,1.5496,1.32,1.69
2013.05.15 15:04:20.532,1.5493,1.54961,1.77,1.69
2013.05.15 15:04:21.054,1.5493,1.5496,1.02,1.69
2013.05.15 15:04:21.232,1.54928,1.54956,1.32,1.69
2013.05.15 15:04:21.792,1.54924,1.54956,1.69,1.69
2013.05.15 15:04:21.972,1.54924,1.54954,1.69,1.50
2013.05.15 15:04:22.622,1.54924,1.54955,1.69,1.69
2013.05.15 15:04:23.172,1.54924,1.54956,1.69,1.69
2013.05.15 15:04:24.132,1.54927,1.5496,1.77,2.44
2013.05.15 15:04:24.404,1.54927,1.54958,1.77,1.69
2013.05.15 15:04:24.795,1.54927,1.54958,1.77,1.69
2013.05.15 15:04:26.182,1.54925,1.54951,1.69,1.13
2013.05.15 15:04:26.242,1.54924,1.54951,1.02,1.13
2013.05.15 15:04:26.784,1.54922,1.54951,1.02,2.07
2013.05.15 15:04:27.482,1.5492,1.54951,1.32,2.07
2013.05.15 15:04:27.843,1.54919,1.54947,1.02,2.07
2013.05.15 15:04:27.964,1.54919,1.54947,1.02,2.07
2013.05.15 15:04:28.142,1.54919,1.54947,1.02,2.07
2013.05.15 15:04:29.101,1.54919,1.54947,1.02,2.07
2013.05.15 15:04:30.291,1.54917,1.54947,1.32,2.44
2013.05.15 15:04:30.989,1.54915,1.54946,1.32,2.07
2013.05.15 15:04:31.336,1.54915,1.54946,1.32,1.32
2013.05.15 15:04:31.713,1.54915,1.54946,1.32,2.07
2013.05.15 15:04:31.962,1.54915,1.54946,1.32,1.32
2013.05.15 15:04:32.622,1.54919,1.5495,1.02,3.42
2013.05.15 15:04:32.863,1.54919,1.54953,1.02,2.44
2013.05.15 15:04:33.641,1.54925,1.5495,1.13,1.69
2013.05.15 15:04:34.561,1.54925,1.54954,1.13,4.17
2013.05.15 15:04:34.900,1.54925,1.54954,1.13,2.44
2013.05.15 15:04:35.142,1.54923,1.54951,1.02,2.07
2013.05.15 15:04:35.511,1.54923,1.5495,1.02,1.32
2013.05.15 15:04:35.818,1.54921,1.54951,2.10,1.92
2013.05.15 15:04:35.941,1.54925,1.54951,1.13,1.92
2013.05.15 15:04:36.241,1.54917,1.54949,1.77,1.69
2013.05.15 15:04:36.721,1.54914,1.54945,1.69,1.69
2013.05.15 15:04:37.345,1.54911,1.54945,1.69,1.69
2013.05.15 15:04:37.482,1.54918,1.54948,1.02,1.69
2013.05.15 15:04:37.804,1.54918,1.54947,1.69,1.13
2013.05.15 15:04:38.105,1.54921,1.54949,1.02,1.69
2013.05.15 15:04:38.622,1.54921,1.54948,1.02,1.69
2013.05.15 15:04:39.451,1.54915,1.54946,1.02,1.13
2013.05.15 15:04:39.752,1.54914,1.54942,1.69,1.13
2013.05.15 15:04:39.942,1.54911,1.54942,1.77,1.32
2013.05.15 15:04:40.445,1.5491,1.54941,1.02,1.69
2013.05.15 15:04:40.561,1.5491,1.54942,1.77,1.69
2013.05.15 15:04:40.935,1.5491,1.54942,1.77,1.69
2013.05.15 15:04:41.101,1.5491,1.54942,1.77,1.69
2013.05.15 15:04:41.443,1.5491,1.54942,1.77,1.69
2013.05.15 15:04:41.806,1.54911,1.54942,1.02,1.13
2013.05.15 15:04:42.171,1.54911,1.54942,1.02,1.13
2013.05.15 15:04:42.962,1.54911,1.54939,1.02,1.13
2013.05.15 15:04:43.442,1.54915,1.54945,1.50,3.57
2013.05.15 15:04:44.813,1.54915,1.54945,1.50,2.82
2013.05.15 15:04:45.213,1.54915,1.54945,1.50,2.82
2013.05.15 15:04:45.773,1.54915,1.54945,1.69,2.07
2013.05.15 15:04:46.195,1.54918,1.54947,1.02,1.69
2013.05.15 15:04:46.374,1.54919,1.54949,1.58,1.69
2013.05.15 15:04:46.495,1.5492,1.54949,1.58,1.69
2013.05.15 15:04:46.624,1.5492,1.54949,1.58,1.69
2013.05.15 15:04:46.682,1.5492,1.54951,1.77,1.69
2013.05.15 15:04:46.862,1.54921,1.54949,1.02,1.32
2013.05.15 15:04:48.543,1.54921,1.54953,1.02,1.32
2013.05.15 15:04:48.602,1.54921,1.54954,1.02,1.69
2013.05.15 15:04:48.783,1.54924,1.54959,2.07,2.82
2013.05.15 15:04:48.964,1.54926,1.54956,1.50,1.69
2013.05.15 15:04:49.333,1.54928,1.54959,1.02,1.32
2013.05.15 15:04:49.392,1.54928,1.54961,1.77,2.07
2013.05.15 15:04:49.811,1.54928,1.54957,1.02,1.69
2013.05.15 15:04:49.933,1.54928,1.54959,1.02,1.32
2013.05.15 15:04:51.201,1.54929,1.54959,1.02,1.32
2013.05.15 15:04:53.300,1.54929,1.54959,1.02,1.32
2013.05.15 15:04:53.422,1.54928,1.54959,1.02,2.82
2013.05.15 15:04:55.883,1.54928,1.54957,1.02,1.69
2013.05.15 15:04:57.263,1.54929,1.54959,1.02,2.07
2013.05.15 15:04:57.442,1.54928,1.54958,1.02,2.44
2013.05.15 15:04:59.392,1.54922,1.54953,1.02,1.69
2013.05.15 15:04:59.571,1.54922,1.54953,1.02,1.69
2013.05.15 15:05:00.142,1.54916,1.54949,1.77,1.69
2013.05.15 15:05:00.262,1.54916,1.54949,1.77,1.69
2013.05.15 15:05:00.742,1.54915,1.54947,1.02,1.69
2013.05.15 15:05:00.982,1.54911,1.54944,1.02,1.69
2013.05.15 15:05:01.042,1.54908,1.54944,1.39,2.44
2013.05.15 15:05:01.102,1.54912,1.54944,1.02,3.19
2013.05.15 15:05:01.226,1.5491,1.54942,1.02,1.69
2013.05.15 15:05:02.584,1.5491,1.54939,1.02,1.69
2013.05.15 15:05:05.451,1.5491,1.54939,1.02,1.69
2013.05.15 15:05:05.511,1.5491,1.54939,1.02,1.69
2013.05.15 15:05:07.012,1.54914,1.54944,1.32,1.69
2013.05.15 15:05:07.071,1.54914,1.54944,1.32,1.69
2013.05.15 15:05:08.072,1.54912,1.54944,1.02,1.69
2013.05.15 15:05:08.133,1.54913,1.54945,1.02,1.69
2013.05.15 15:05:08.254,1.54917,1.54943,1.69,1.32
2013.05.15 15:05:08.316,1.54917,1.54943,2.44,1.32
2013.05.15 15:05:08.443,1.54917,1.5495,2.44,1.95
2013.05.15 15:05:08.623,1.5492,1.54949,1.69,1.69
2013.05.15 15:05:08.861,1.54916,1.54948,1.69,1.02
2013.05.15 15:05:09.041,1.54914,1.54943,1.92,1.69
2013.05.15 15:05:09.636,1.54913,1.54947,2.67,2.25
2013.05.15 15:05:10.733,1.54919,1.54948,1.13,2.44
2013.05.15 15:05:13.483,1.54916,1.54945,1.32,1.32
2013.05.15 15:05:13.722,1.54917,1.54947,1.13,1.77
2013.05.15 15:05:14.152,1.54917,1.54943,1.13,1.69
2013.05.15 15:05:14.513,1.54914,1.54943,1.50,2.07
2013.05.15 15:05:14.692,1.54914,1.54943,1.50,1.77
2013.05.15 15:05:16.778,1.54911,1.54943,1.92,1.02
2013.05.15 15:05:16.972,1.54913,1.54944,2.67,1.77
2013.05.15 15:05:17.152,1.54914,1.54948,2.29,2.44
2013.05.15 15:05:17.393,1.54918,1.54951,1.73,2.14
2013.05.15 15:05:17.513,1.54919,1.54951,1.02,1.32
2013.05.15 15:05:17.944,1.54919,1.54952,1.39,1.69
2013.05.15 15:05:18.246,1.54919,1.54952,1.39,1.50
2013.05.15 15:05:18.432,1.5492,1.54953,1.69,2.44
2013.05.15 15:05:19.112,1.5492,1.54953,1.69,1.69
2013.05.15 15:05:20.823,1.5492,1.54953,1.69,1.69
2013.05.15 15:05:22.192,1.54918,1.5495,1.32,2.52
2013.05.15 15:05:22.751,1.54918,1.5495,1.32,1.77
2013.05.15 15:05:23.152,1.54918,1.54948,1.32,1.69
2013.05.15 15:05:23.393,1.54916,1.54947,2.67,2.44
2013.05.15 15:05:23.703,1.54916,1.54947,1.92,2.44
2013.05.15 15:05:24.015,1.54914,1.54947,1.32,2.44
2013.05.15 15:05:24.163,1.54914,1.54947,1.32,2.44
2013.05.15 15:05:24.655,1.54915,1.54948,1.69,1.69
2013.05.15 15:05:26.694,1.54915,1.5495,2.67,1.69
2013.05.15 15:05:27.115,1.54915,1.54949,3.42,1.69
2013.05.15 15:05:27.811,1.54917,1.5495,1.92,1.69
2013.05.15 15:05:32.027,1.54915,1.5495,1.69,2.44
2013.05.15 15:05:32.152,1.54918,1.54949,1.13,1.69
2013.05.15 15:05:32.512,1.54921,1.54954,1.02,1.69
2013.05.15 15:05:32.632,1.54921,1.54955,1.02,2.82
2013.05.15 15:05:33.101,1.54922,1.54955,1.32,1.69
2013.05.15 15:05:33.221,1.54922,1.54955,1.32,1.69
2013.05.15 15:05:34.025,1.54921,1.54955,1.02,1.32
2013.05.15 15:05:34.332,1.54921,1.54955,1.02,2.07
2013.05.15 15:05:35.371,1.54917,1.54949,1.69,1.69
2013.05.15 15:05:35.692,1.54916,1.54947,3.42,1.50
2013.05.15 15:05:35.943,1.54916,1.54947,2.67,1.69
2013.05.15 15:05:37.155,1.54916,1.54947,2.67,1.69
2013.05.15 15:05:37.943,1.54918,1.54949,1.02,2.44
2013.05.15 15:05:38.135,1.54918,1.54949,1.02,2.82
2013.05.15 15:05:39.172,1.54919,1.54949,1.32,1.69
2013.05.15 15:05:39.724,1.54917,1.54949,1.69,1.69
2013.05.15 15:05:40.892,1.54916,1.54949,2.63,2.07
2013.05.15 15:05:41.017,1.54916,1.54948,1.69,1.69
2013.05.15 15:05:41.987,1.54914,1.54946,1.54,1.50
2013.05.15 15:05:42.125,1.54915,1.54946,1.32,1.50
2013.05.15 15:05:42.513,1.54912,1.54945,1.32,1.69
2013.05.15 15:05:42.932,1.54911,1.54943,1.69,2.67
2013.05.15 15:05:43.944,1.54911,1.54941,1.69,1.50
2013.05.15 15:05:44.062,1.54908,1.5494,2.89,1.50
2013.05.15 15:05:44.123,1.54908,1.54933,2.14,1.13
2013.05.15 15:05:44.962,1.54902,1.54933,1.69,1.13
2013.05.15 15:05:45.084,1.549,1.54933,1.02,1.32
2013.05.15 15:05:46.442,1.549,1.54933,1.02,1.32
2013.05.15 15:05:46.514,1.549,1.54929,1.02,1.32
2013.05.15 15:05:47.022,1.54897,1.54928,3.87,1.32
2013.05.15 15:05:47.382,1.54905,1.54935,1.09,2.07
2013.05.15 15:05:47.505,1.54909,1.54935,1.13,1.32
2013.05.15 15:05:47.632,1.54908,1.54937,1.20,1.54
2013.05.15 15:05:47.693,1.54915,1.54939,1.13,2.29
2013.05.15 15:05:47.874,1.54915,1.54942,1.13,1.69
2013.05.15 15:05:47.934,1.54916,1.54942,1.13,1.69
2013.05.15 15:05:48.113,1.54911,1.54941,1.73,1.32
2013.05.15 15:05:48.176,1.54911,1.54941,2.67,1.13
2013.05.15 15:05:49.166,1.54911,1.54941,2.67,1.13
2013.05.15 15:05:49.233,1.54911,1.54941,1.92,1.32
2013.05.15 15:05:49.711,1.54917,1.54941,1.17,1.13
2013.05.15 15:05:50.123,1.54917,1.54945,1.92,1.32
2013.05.15 15:05:51.115,1.54917,1.54945,1.92,1.32
2013.05.15 15:05:52.702,1.54916,1.54943,1.32,1.02
2013.05.15 15:05:53.405,1.54916,1.54946,1.32,2.67
2013.05.15 15:05:53.654,1.5492,1.54949,1.13,2.44
2013.05.15 15:05:53.832,1.54921,1.54949,1.02,2.44
2013.05.15 15:05:54.899,1.54919,1.54949,1.32,2.44
2013.05.15 15:05:58.682,1.5492,1.54953,2.07,1.92
2013.05.15 15:05:58.923,1.54921,1.54951,1.32,1.69
2013.05.15 15:05:59.684,1.54926,1.54954,1.32,1.69
2013.05.15 15:06:00.052,1.54923,1.54954,1.02,1.69
2013.05.15 15:06:01.442,1.54922,1.5495,1.92,1.69
2013.05.15 15:06:01.502,1.54919,1.54949,1.69,1.50
2013.05.15 15:06:01.922,1.54916,1.54949,2.07,1.50
2013.05.15 15:06:03.014,1.54917,1.54949,1.69,2.44
2013.05.15 15:06:04.843,1.54916,1.54949,2.44,2.44
2013.05.15 15:06:05.223,1.54914,1.54947,1.69,2.44
2013.05.15 15:06:05.473,1.54911,1.54944,1.92,1.32
2013.05.15 15:06:06.592,1.5491,1.54944,4.17,1.32
2013.05.15 15:06:06.775,1.54909,1.54942,2.37,1.69
2013.05.15 15:06:06.902,1.54909,1.54943,2.37,1.69
2013.05.15 15:06:07.622,1.54912,1.54943,1.69,1.69
2013.05.15 15:06:07.747,1.54909,1.5494,1.32,1.69
2013.05.15 15:06:09.312,1.54911,1.5494,1.02,1.69
2013.05.15 15:06:09.834,1.54909,1.54938,1.32,1.13
2013.05.15 15:06:09.893,1.54909,1.54938,1.32,1.13
2013.05.15 15:06:10.251,1.5491,1.54939,1.02,2.44
2013.05.15 15:06:10.792,1.54915,1.54939,1.13,1.69
2013.05.15 15:06:10.852,1.54915,1.5494,1.88,1.69
2013.05.15 15:06:10.912,1.54915,1.54943,1.88,2.67
2013.05.15 15:06:11.033,1.54917,1.54943,1.13,1.69
2013.05.15 15:06:14.952,1.54912,1.54945,1.32,1.69
2013.05.15 15:06:15.016,1.54911,1.54945,1.32,1.69
2013.05.15 15:06:15.562,1.54912,1.54943,1.02,2.67
2013.05.15 15:06:15.924,1.54915,1.5494,1.02,1.50
2013.05.15 15:06:16.524,1.54912,1.54942,1.02,1.69
2013.05.15 15:06:17.392,1.54912,1.54943,1.02,1.13
2013.05.15 15:06:17.893,1.54915,1.54947,1.02,1.13
2013.05.15 15:06:19.192,1.54915,1.54948,1.02,1.88
2013.05.15 15:06:23.742,1.54915,1.54948,1.02,1.13
2013.05.15 15:06:24.784,1.54915,1.54948,1.02,1.13
2013.05.15 15:06:26.713,1.54915,1.54948,1.02,1.69
2013.05.15 15:06:26.892,1.54915,1.54947,1.02,1.69
2013.05.15 15:06:27.363,1.54912,1.54942,1.02,1.69
2013.05.15 15:06:28.731,1.54909,1.54938,1.69,1.13
2013.05.15 15:06:29.242,1.54915,1.54943,2.44,1.32
2013.05.15 15:06:29.542,1.54915,1.54943,1.69,1.69
2013.05.15 15:06:29.663,1.54912,1.54942,1.69,1.77
2013.05.15 15:06:29.993,1.5491,1.54939,1.69,1.13
2013.05.15 15:06:30.292,1.5491,1.54945,2.07,1.39
2013.05.15 15:06:31.412,1.5491,1.54944,2.07,1.32
2013.05.15 15:06:32.511,1.5491,1.54944,2.82,1.32
2013.05.15 15:06:33.172,1.54916,1.54948,1.50,1.02
2013.05.15 15:06:33.433,1.54917,1.54951,1.13,1.39
2013.05.15 15:06:33.613,1.54926,1.54951,1.13,2.14
2013.05.15 15:06:33.973,1.54931,1.5496,1.69,1.69
2013.05.15 15:06:34.032,1.54931,1.54959,1.13,1.69
2013.05.15 15:06:34.151,1.5493,1.54963,1.69,2.29
2013.05.15 15:06:34.213,1.54929,1.54963,2.07,1.24
2013.05.15 15:06:36.421,1.54929,1.54963,1.50,1.02
2013.05.15 15:06:37.273,1.54929,1.54963,1.32,1.24
2013.05.15 15:06:38.911,1.54933,1.54966,1.69,1.39
2013.05.15 15:06:39.424,1.54932,1.54963,1.69,1.02
2013.05.15 15:06:40.213,1.54935,1.54967,1.32,1.39
2013.05.15 15:06:40.873,1.54929,1.5496,1.69,1.50
2013.05.15 15:06:40.993,1.54926,1.5496,1.69,1.69
2013.05.15 15:06:42.611,1.54929,1.54962,1.69,1.39
2013.05.15 15:06:44.432,1.54933,1.54963,1.88,1.32
2013.05.15 15:06:44.673,1.54935,1.54968,1.92,1.32
2013.05.15 15:06:44.817,1.54935,1.54969,1.92,1.32
2013.05.15 15:06:44.943,1.54941,1.5497,1.13,1.69
2013.05.15 15:06:45.736,1.54936,1.5497,1.69,1.69
2013.05.15 15:06:46.003,1.54936,1.5497,1.69,1.69
2013.05.15 15:06:46.792,1.54931,1.54963,1.39,1.69
2013.05.15 15:06:46.852,1.54931,1.54963,1.39,2.44
2013.05.15 15:06:47.632,1.54931,1.54963,1.69,1.69
2013.05.15 15:06:48.172,1.54931,1.54963,1.02,1.69
2013.05.15 15:06:48.676,1.54933,1.54963,1.02,2.44
2013.05.15 15:06:49.264,1.54933,1.54962,1.69,1.32
2013.05.15 15:06:50.162,1.54932,1.54962,1.69,2.07
2013.05.15 15:06:50.223,1.54932,1.54962,1.69,2.25
2013.05.15 15:06:50.733,1.54928,1.54958,1.69,2.07
2013.05.15 15:06:50.912,1.54926,1.54958,1.69,2.07
2013.05.15 15:06:51.093,1.54927,1.54959,1.69,2.44
2013.05.15 15:06:51.463,1.54926,1.54959,1.69,2.44
2013.05.15 15:06:51.642,1.54926,1.54958,1.13,1.88
2013.05.15 15:06:52.322,1.5493,1.54959,1.13,1.13
2013.05.15 15:06:52.621,1.5493,1.5496,1.13,1.69
2013.05.15 15:06:54.377,1.5493,1.54963,2.07,1.02
2013.05.15 15:06:55.837,1.5493,1.54963,2.07,1.02
2013.05.15 15:06:57.713,1.5493,1.54963,2.44,1.77
2013.05.15 15:06:57.892,1.5493,1.54963,1.69,1.02
2013.05.15 15:06:58.792,1.54934,1.54966,1.32,2.70
2013.05.15 15:07:00.025,1.54932,1.54966,1.92,1.77
2013.05.15 15:07:01.822,1.54931,1.54964,2.07,1.88
2013.05.15 15:07:02.183,1.54935,1.54964,1.13,1.92
2013.05.15 15:07:04.205,1.54935,1.54962,1.13,1.92
2013.05.15 15:07:07.053,1.5493,1.54963,2.44,1.39
2013.05.15 15:07:07.592,1.5493,1.54961,1.69,1.69
2013.05.15 15:07:09.182,1.54927,1.54961,1.69,1.69
2013.05.15 15:07:09.872,1.54926,1.54958,2.44,1.02
2013.05.15 15:07:10.394,1.54926,1.54957,2.44,1.02
2013.05.15 15:07:11.362,1.54925,1.54958,1.69,1.95
2013.05.15 15:07:11.584,1.54926,1.54958,1.69,1.95
2013.05.15 15:07:12.154,1.54927,1.54958,1.69,1.02
2013.05.15 15:07:12.212,1.54927,1.54958,1.69,2.37
2013.05.15 15:07:12.271,1.54925,1.54953,1.69,1.92
2013.05.15 15:07:13.176,1.54925,1.54952,1.69,1.73
2013.05.15 15:07:13.268,1.54912,1.5494,1.69,1.32
2013.05.15 15:07:13.722,1.54913,1.54944,1.69,3.00
2013.05.15 15:07:14.026,1.54921,1.54948,1.88,1.88
2013.05.15 15:07:14.155,1.54921,1.54948,1.32,1.69
2013.05.15 15:07:14.572,1.54921,1.54953,1.69,1.32
2013.05.15 15:07:14.632,1.54921,1.54953,1.69,1.69
2013.05.15 15:07:14.933,1.5492,1.54954,1.69,1.32
2013.05.15 15:07:14.994,1.54924,1.54952,1.69,1.13
2013.05.15 15:07:15.292,1.54925,1.54954,1.69,1.69
2013.05.15 15:07:15.543,1.54935,1.54963,1.32,1.69
2013.05.15 15:07:15.602,1.54935,1.54964,2.07,1.69
2013.05.15 15:07:16.264,1.54941,1.54968,1.13,2.44
2013.05.15 15:07:16.382,1.54941,1.54967,1.13,1.69
2013.05.15 15:07:17.284,1.54941,1.54964,1.13,1.17
2013.05.15 15:07:18.004,1.54941,1.54961,1.13,1.73
2013.05.15 15:07:18.243,1.5493,1.54957,1.32,1.73
2013.05.15 15:07:18.362,1.54927,1.54957,2.14,1.73
2013.05.15 15:07:18.604,1.54927,1.54953,1.69,1.73
2013.05.15 15:07:19.082,1.54925,1.5495,1.13,1.17
2013.05.15 15:07:19.383,1.54921,1.54943,1.32,1.73
2013.05.15 15:07:19.443,1.54921,1.54942,1.13,1.17
2013.05.15 15:07:19.503,1.54915,1.54942,1.32,1.17
2013.05.15 15:07:19.623,1.54915,1.54942,1.32,1.17
2013.05.15 15:07:19.742,1.54915,1.54942,1.32,1.17
2013.05.15 15:07:20.293,1.54912,1.54939,1.32,2.07
2013.05.15 15:07:21.332,1.54916,1.54938,1.13,1.17
2013.05.15 15:07:22.612,1.54912,1.54943,1.32,1.92
2013.05.15 15:07:23.410,1.54912,1.54939,1.32,1.73
2013.05.15 15:07:23.712,1.54906,1.54934,1.69,1.50
2013.05.15 15:07:23.951,1.54903,1.54934,1.32,1.69
2013.05.15 15:07:24.074,1.549,1.54931,1.69,2.67
2013.05.15 15:07:24.434,1.54891,1.54918,1.32,1.50
2013.05.15 15:07:24.492,1.54886,1.54918,1.69,1.13
2013.05.15 15:07:24.554,1.54891,1.54917,1.32,1.50
2013.05.15 15:07:24.678,1.54883,1.54908,1.69,1.69
2013.05.15 15:07:24.746,1.54879,1.54902,1.09,1.13
2013.05.15 15:07:25.002,1.5486,1.54889,1.32,1.50
2013.05.15 15:07:25.362,1.5486,1.54889,1.32,1.50
2013.05.15 15:07:25.722,1.5486,1.54893,1.02,2.25
2013.05.15 15:07:26.473,1.5486,1.54893,1.02,2.44
2013.05.15 15:07:26.782,1.54869,1.54897,1.13,1.17
2013.05.15 15:07:27.141,1.54866,1.54893,1.69,3.19
2013.05.15 15:07:27.204,1.54861,1.54891,1.69,1.13
2013.05.15 15:07:27.754,1.54865,1.54894,1.32,1.69
2013.05.15 15:07:28.052,1.54867,1.54893,1.13,1.69
2013.05.15 15:07:28.354,1.5487,1.54895,1.13,1.69
2013.05.15 15:07:28.473,1.5487,1.54896,1.13,1.69
2013.05.15 15:07:28.913,1.54865,1.54893,1.32,1.69
2013.05.15 15:07:29.972,1.54861,1.54894,2.07,1.69
2013.05.15 15:07:30.252,1.54866,1.54896,1.13,3.42
2013.05.15 15:07:30.555,1.54866,1.54896,1.32,1.69
2013.05.15 15:07:30.673,1.5487,1.54899,1.32,1.92
2013.05.15 15:07:30.974,1.54876,1.54904,1.32,1.69
2013.05.15 15:07:31.498,1.5488,1.54906,1.13,1.69
2013.05.15 15:07:32.003,1.5488,1.54907,1.13,2.44
2013.05.15 15:07:32.064,1.5488,1.54907,1.13,2.44
2013.05.15 15:07:33.692,1.5488,1.54907,1.20,2.44
2013.05.15 15:07:34.793,1.5488,1.54907,1.39,1.69
2013.05.15 15:07:34.951,1.5488,1.54907,1.13,1.69
2013.05.15 15:07:35.463,1.5488,1.54908,1.02,1.69
2013.05.15 15:07:35.824,1.5488,1.54908,1.32,2.44
2013.05.15 15:07:36.432,1.54877,1.54903,1.32,1.50
2013.05.15 15:07:38.093,1.54877,1.54903,1.13,1.69
2013.05.15 15:07:38.462,1.54877,1.54903,1.13,1.69
2013.05.15 15:07:38.903,1.54874,1.54903,1.32,2.44
2013.05.15 15:07:39.144,1.54871,1.54899,1.39,1.50
2013.05.15 15:07:39.202,1.54871,1.54898,1.02,1.50
2013.05.15 15:07:39.833,1.54871,1.54898,1.02,1.50
2013.05.15 15:07:39.917,1.54862,1.54891,1.32,1.69
2013.05.15 15:07:40.101,1.54865,1.54893,1.32,1.69
2013.05.15 15:07:41.716,1.54865,1.54891,1.13,1.69
2013.05.15 15:07:43.692,1.54861,1.54887,1.32,1.92
2013.05.15 15:07:43.933,1.54861,1.5489,1.13,1.69
2013.05.15 15:07:44.174,1.54866,1.54887,1.13,1.92
2013.05.15 15:07:44.442,1.54857,1.54888,2.07,1.69
2013.05.15 15:07:44.923,1.54857,1.54887,1.32,1.50
2013.05.15 15:07:45.223,1.54855,1.54884,1.35,1.69
2013.05.15 15:07:45.342,1.54856,1.54886,1.13,1.69
2013.05.15 15:07:45.780,1.54861,1.54888,1.13,1.69
2013.05.15 15:07:45.844,1.54861,1.54889,1.32,1.69
2013.05.15 15:07:46.145,1.54861,1.54889,1.32,1.69
2013.05.15 15:07:46.807,1.54861,1.54891,1.32,1.69
2013.05.15 15:07:48.605,1.5487,1.54896,1.28,1.13
2013.05.15 15:07:48.981,1.54877,1.54902,1.02,1.50
2013.05.15 15:07:50.264,1.54876,1.54903,1.02,1.50
2013.05.15 15:07:51.063,1.54876,1.54906,1.02,1.69
2013.05.15 15:07:51.303,1.54876,1.54906,1.02,1.69
2013.05.15 15:07:51.423,1.54875,1.54904,1.32,1.69
2013.05.15 15:07:52.290,1.5487,1.549,1.02,1.13
2013.05.15 15:07:52.602,1.5487,1.54899,1.02,1.50
2013.05.15 15:07:52.723,1.54871,1.54899,1.02,1.50
2013.05.15 15:07:54.172,1.54871,1.549,1.02,1.73
2013.05.15 15:07:54.702,1.54872,1.54902,1.02,1.54
2013.05.15 15:07:54.762,1.54875,1.54901,1.69,1.13
2013.05.15 15:07:55.080,1.54877,1.54903,1.69,1.88
2013.05.15 15:07:55.143,1.54877,1.54903,1.69,1.50
2013.05.15 15:07:55.262,1.54876,1.54906,1.39,1.50
2013.05.15 15:07:55.383,1.54879,1.54906,1.13,2.25
2013.05.15 15:07:55.682,1.54879,1.54905,1.69,1.35
2013.05.15 15:07:55.802,1.54879,1.54907,1.69,1.73
2013.05.15 15:07:56.042,1.54881,1.54907,1.69,1.73
2013.05.15 15:07:56.343,1.54876,1.54902,1.69,1.13
2013.05.15 15:07:57.252,1.54882,1.54905,1.69,2.44
2013.05.15 15:07:57.375,1.54881,1.54909,1.69,1.69
2013.05.15 15:07:57.833,1.54881,1.5491,1.69,1.32
2013.05.15 15:07:58.365,1.54886,1.5491,1.69,1.13
2013.05.15 15:08:00.162,1.54884,1.5491,1.69,1.13
2013.05.15 15:08:02.892,1.54884,1.54909,1.69,1.58
2013.05.15 15:08:04.595,1.54884,1.54914,1.69,1.02
2013.05.15 15:08:04.833,1.54886,1.54913,1.69,1.58
2013.05.15 15:08:04.965,1.54887,1.54917,1.13,1.69
2013.05.15 15:08:06.246,1.54888,1.54919,1.32,2.70
2013.05.15 15:08:06.683,1.54887,1.54917,3.57,1.02
2013.05.15 15:08:08.141,1.54887,1.54916,1.32,1.77
2013.05.15 15:08:08.202,1.54886,1.54913,1.69,1.13
2013.05.15 15:08:08.504,1.54884,1.54911,1.32,2.07
2013.05.15 15:08:08.742,1.54881,1.54911,1.69,1.77
2013.05.15 15:08:09.063,1.54878,1.54911,1.32,1.77
2013.05.15 15:08:10.203,1.54878,1.54906,1.32,1.58
2013.05.15 15:08:10.322,1.54875,1.54902,1.69,1.13
2013.05.15 15:08:10.805,1.54877,1.54907,1.69,1.17
2013.05.15 15:08:11.182,1.54877,1.54904,2.44,1.80
2013.05.15 15:08:11.544,1.54877,1.54906,1.69,1.24
2013.05.15 15:08:11.825,1.54877,1.54904,1.69,1.02
2013.05.15 15:08:12.153,1.54877,1.54907,1.69,1.02
2013.05.15 15:08:13.144,1.54877,1.54908,1.69,2.29
2013.05.15 15:08:13.793,1.54875,1.54907,2.44,1.17
2013.05.15 15:08:13.851,1.54877,1.54907,1.69,1.92
2013.05.15 15:08:14.219,1.54883,1.54907,1.32,1.17
2013.05.15 15:08:14.582,1.54878,1.54906,1.32,1.92
2013.05.15 15:08:14.943,1.54886,1.54906,1.13,1.92
2013.05.15 15:08:15.063,1.54883,1.54907,1.13,2.67
2013.05.15 15:08:15.994,1.54882,1.54907,1.32,1.17
2013.05.15 15:08:16.073,1.54886,1.54908,1.13,1.17
2013.05.15 15:08:17.164,1.54886,1.54909,1.13,1.92
2013.05.15 15:08:17.942,1.54881,1.54909,1.32,2.67
2013.05.15 15:08:19.482,1.54881,1.54904,1.13,1.02
2013.05.15 15:08:19.663,1.54876,1.54901,1.32,1.35
2013.05.15 15:08:20.564,1.54871,1.54901,2.70,1.17
2013.05.15 15:08:21.102,1.54881,1.54909,1.32,1.92
2013.05.15 15:08:21.831,1.54881,1.54909,1.32,1.92
2013.05.15 15:08:22.654,1.54882,1.54909,1.13,1.17
2013.05.15 15:08:22.893,1.54882,1.54909,1.13,1.92
2013.05.15 15:08:23.804,1.54882,1.54907,1.13,1.17
2013.05.15 15:08:24.402,1.54882,1.54907,1.13,1.92
2013.05.15 15:08:25.322,1.54881,1.54907,1.13,1.92
2013.05.15 15:08:26.254,1.54873,1.54906,1.32,1.69
2013.05.15 15:08:26.374,1.54881,1.54907,1.13,1.92
2013.05.15 15:08:28.862,1.54881,1.54906,1.13,1.92
2013.05.15 15:08:29.412,1.54873,1.54905,1.32,2.67
2013.05.15 15:08:29.853,1.54872,1.54904,1.32,1.69
2013.05.15 15:08:29.972,1.54871,1.54899,1.32,1.92
2013.05.15 15:08:30.095,1.54867,1.54898,1.32,1.73
2013.05.15 15:08:30.343,1.54861,1.54893,2.07,1.73
2013.05.15 15:08:30.463,1.54861,1.54891,2.07,1.73
2013.05.15 15:08:30.972,1.54861,1.54888,2.07,1.73
2013.05.15 15:08:31.212,1.54861,1.54894,2.07,1.69
2013.05.15 15:08:31.741,1.54861,1.54894,2.14,1.69
2013.05.15 15:08:32.561,1.54862,1.54894,1.39,1.69
2013.05.15 15:08:33.892,1.54862,1.54892,1.39,1.50
2013.05.15 15:08:33.952,1.54861,1.54888,1.02,1.73
2013.05.15 15:08:34.510,1.54862,1.54892,1.39,1.69
2013.05.15 15:08:36.315,1.54862,1.54892,1.39,1.69
2013.05.15 15:08:37.402,1.54862,1.54896,1.39,2.44
2013.05.15 15:08:38.593,1.54862,1.54893,1.39,1.69
2013.05.15 15:08:38.714,1.54862,1.54893,1.39,1.69
2013.05.15 15:08:39.674,1.54862,1.54891,1.39,1.92
2013.05.15 15:08:40.802,1.54856,1.54888,2.07,1.17
2013.05.15 15:08:40.982,1.54856,1.54888,2.07,1.17
2013.05.15 15:08:41.953,1.54856,1.54888,1.69,2.29
2013.05.15 15:08:48.715,1.54853,1.54881,1.32,1.17
2013.05.15 15:08:49.023,1.54857,1.54888,1.32,3.42
2013.05.15 15:08:49.506,1.54863,1.54893,1.50,2.07
2013.05.15 15:08:49.633,1.54864,1.54894,1.50,1.13
2013.05.15 15:08:49.873,1.54865,1.54894,1.32,1.13
2013.05.15 15:08:50.242,1.54864,1.54897,1.32,1.54
2013.05.15 15:08:50.422,1.54868,1.54897,1.50,1.54
2013.05.15 15:08:50.483,1.54868,1.54897,1.50,1.54
2013.05.15 15:08:50.934,1.54871,1.54903,1.32,2.44
2013.05.15 15:08:51.473,1.54871,1.54903,1.32,1.69
2013.05.15 15:08:52.492,1.54871,1.54905,1.32,2.44
2013.05.15 15:08:52.613,1.54876,1.54905,1.69,1.32
2013.05.15 15:08:52.674,1.54882,1.54906,1.50,1.32
2013.05.15 15:08:52.735,1.54882,1.54911,1.50,1.32
2013.05.15 15:08:52.802,1.54883,1.54915,1.13,1.92
2013.05.15 15:08:52.862,1.54883,1.54915,1.32,1.17
2013.05.15 15:08:52.924,1.54887,1.54918,1.13,1.69
2013.05.15 15:08:53.225,1.54884,1.54918,1.32,2.67
2013.05.15 15:08:53.342,1.54884,1.54917,1.32,1.32
2013.05.15 15:08:53.702,1.54883,1.54917,1.32,1.92
2013.05.15 15:08:54.152,1.54883,1.54917,1.32,1.92
2013.05.15 15:08:54.692,1.54884,1.54917,1.69,1.69
2013.05.15 15:08:56.472,1.54882,1.54914,1.32,1.92
2013.05.15 15:08:56.533,1.54881,1.54912,1.32,1.17
2013.05.15 15:08:56.713,1.54886,1.54912,1.32,1.17
2013.05.15 15:08:57.192,1.54882,1.54917,1.32,1.32
2013.05.15 15:08:57.374,1.54882,1.54912,1.32,1.17
2013.05.15 15:08:57.733,1.54881,1.54908,1.32,1.73
2013.05.15 15:08:58.572,1.54881,1.54908,1.32,2.67
2013.05.15 15:09:00.087,1.54881,1.54908,1.32,3.04
2013.05.15 15:09:00.274,1.54876,1.54905,1.32,1.69
2013.05.15 15:09:00.515,1.54873,1.54905,1.02,1.69
2013.05.15 15:09:00.706,1.54872,1.549,1.32,2.48
2013.05.15 15:09:00.832,1.54872,1.54898,1.13,2.29
2013.05.15 15:09:01.983,1.54866,1.54898,1.39,1.92
2013.05.15 15:09:03.762,1.54872,1.54898,1.13,1.17
2013.05.15 15:09:03.904,1.54872,1.54901,1.13,1.54
2013.05.15 15:09:04.442,1.54869,1.54902,1.32,1.69
2013.05.15 15:09:04.563,1.54872,1.54903,1.13,2.44
2013.05.15 15:09:05.378,1.54868,1.54899,1.32,1.32
2013.05.15 15:09:06.432,1.54864,1.54898,1.77,1.92
2013.05.15 15:09:06.783,1.54862,1.54891,1.32,1.69
2013.05.15 15:09:09.311,1.54858,1.54888,1.32,1.69
2013.05.15 15:09:10.392,1.54859,1.54888,1.32,1.69
2013.05.15 15:09:10.452,1.54859,1.54891,1.32,2.67
2013.05.15 15:09:10.874,1.54863,1.54893,1.13,1.69
2013.05.15 15:09:10.933,1.5486,1.5489,1.77,1.69
2013.05.15 15:09:11.113,1.54861,1.54891,1.32,1.69
2013.05.15 15:09:11.414,1.54863,1.54897,1.32,1.69
2013.05.15 15:09:11.614,1.54863,1.54897,1.32,1.69
2013.05.15 15:09:12.934,1.54863,1.54897,1.32,1.69
2013.05.15 15:09:15.194,1.54863,1.54896,1.32,1.69
2013.05.15 15:09:17.662,1.54868,1.54896,1.13,1.69
2013.05.15 15:09:18.286,1.54863,1.54896,1.32,2.44
2013.05.15 15:09:18.685,1.54869,1.54896,1.13,1.69
2013.05.15 15:09:19.203,1.54863,1.54897,1.32,3.04
2013.05.15 15:09:19.262,1.54863,1.54897,1.32,1.92
2013.05.15 15:09:19.563,1.54862,1.54896,1.65,1.32
2013.05.15 15:09:19.623,1.54869,1.54897,1.69,2.29
2013.05.15 15:09:19.744,1.54871,1.54898,1.13,1.32
2013.05.15 15:09:19.864,1.54871,1.54899,1.32,2.48
2013.05.15 15:09:19.922,1.54871,1.54899,1.32,2.48
2013.05.15 15:09:20.042,1.54864,1.54898,1.69,2.10
2013.05.15 15:09:20.162,1.54868,1.54898,1.02,2.48
2013.05.15 15:09:20.463,1.54872,1.54897,1.13,1.92
2013.05.15 15:09:21.316,1.54872,1.549,1.13,1.69
2013.05.15 15:09:21.442,1.54874,1.54901,1.13,1.69
2013.05.15 15:09:22.502,1.54874,1.54897,1.13,1.69
2013.05.15 15:09:23.042,1.54874,1.54897,1.13,1.69
2013.05.15 15:09:23.344,1.54876,1.54899,1.13,1.69
2013.05.15 15:09:24.532,1.54876,1.54899,1.13,1.32
2013.05.15 15:09:24.652,1.54869,1.54898,1.32,1.32
2013.05.15 15:09:24.713,1.54869,1.54897,1.13,1.69
2013.05.15 15:09:25.432,1.54872,1.54896,1.13,1.69
2013.05.15 15:09:25.613,1.54873,1.54896,1.13,1.69
2013.05.15 15:09:26.242,1.54874,1.54896,1.13,1.69
2013.05.15 15:09:26.762,1.54869,1.54893,1.13,1.69
2013.05.15 15:09:26.942,1.54869,1.54893,1.13,2.44
2013.05.15 15:09:27.242,1.54869,1.54892,1.13,1.69
2013.05.15 15:09:27.362,1.54863,1.54893,1.13,3.42
2013.05.15 15:09:28.078,1.54859,1.54888,1.13,2.44
2013.05.15 15:09:29.663,1.54858,1.54883,1.13,2.44
2013.05.15 15:09:32.083,1.54854,1.5488,1.32,1.69
2013.05.15 15:09:32.453,1.54854,1.54882,1.32,1.69
2013.05.15 15:09:32.892,1.54854,1.5488,1.13,2.44
2013.05.15 15:09:33.993,1.54853,1.54879,1.13,1.69
2013.05.15 15:09:34.052,1.54853,1.54879,1.13,1.69
2013.05.15 15:09:34.172,1.54852,1.54875,1.13,1.69
2013.05.15 15:09:36.033,1.54852,1.54873,1.13,1.69
2013.05.15 15:09:36.213,1.5484,1.54872,1.20,1.69
2013.05.15 15:09:36.333,1.54839,1.54868,1.95,1.88
2013.05.15 15:09:36.871,1.54836,1.54867,1.13,1.77
2013.05.15 15:09:38.186,1.54836,1.54863,1.13,1.69
2013.05.15 15:09:44.022,1.54836,1.54865,1.32,1.69
2013.05.15 15:09:44.142,1.54836,1.54866,1.32,1.69
2013.05.15 15:09:45.602,1.54837,1.54866,1.32,1.69
2013.05.15 15:09:46.633,1.54836,1.54865,1.32,1.50
2013.05.15 15:09:46.942,1.54836,1.54867,1.32,1.77
2013.05.15 15:09:49.114,1.54836,1.54866,1.32,1.32
2013.05.15 15:09:49.667,1.54836,1.54859,1.32,1.50
2013.05.15 15:09:49.764,1.54836,1.54862,1.13,1.02
2013.05.15 15:09:49.882,1.54837,1.54861,1.13,1.73
2013.05.15 15:09:51.774,1.54827,1.54859,2.82,1.50
2013.05.15 15:09:52.932,1.54827,1.54858,2.07,1.58
2013.05.15 15:09:53.232,1.54827,1.54854,1.69,1.88
2013.05.15 15:09:54.002,1.54822,1.54853,1.32,1.13
2013.05.15 15:09:55.817,1.54824,1.54851,1.69,1.50
2013.05.15 15:09:55.943,1.54821,1.54849,1.92,1.58
2013.05.15 15:09:56.193,1.54825,1.54848,1.06,1.32
2013.05.15 15:09:57.501,1.54825,1.54848,1.06,1.13
2013.05.15 15:09:58.048,1.54825,1.54848,1.06,1.13
2013.05.15 15:10:00.041,1.54825,1.54848,1.06,1.32
2013.05.15 15:10:01.275,1.54825,1.54848,1.06,1.32
2013.05.15 15:10:02.012,1.54825,1.54847,1.06,1.32
2013.05.15 15:10:02.312,1.54803,1.54833,1.92,1.88
2013.05.15 15:10:02.373,1.54804,1.5484,1.77,1.32
2013.05.15 15:10:02.432,1.54804,1.5484,1.69,1.32
2013.05.15 15:10:02.494,1.54808,1.54837,1.13,1.95
2013.05.15 15:10:02.843,1.54807,1.54838,1.13,1.77
2013.05.15 15:10:03.481,1.54807,1.54838,1.13,2.44
2013.05.15 15:10:03.683,1.54804,1.54833,1.69,1.69
2013.05.15 15:10:03.743,1.54805,1.54833,1.13,1.92
2013.05.15 15:10:03.866,1.54805,1.54833,1.13,1.92
2013.05.15 15:10:04.353,1.54807,1.54836,1.13,1.69
2013.05.15 15:10:04.715,1.54811,1.54842,1.13,1.69
2013.05.15 15:10:04.782,1.54812,1.54842,1.13,1.69
2013.05.15 15:10:07.393,1.54816,1.54842,1.13,1.69
2013.05.15 15:10:07.693,1.54819,1.54846,1.13,1.69
2013.05.15 15:10:08.188,1.54819,1.54846,1.13,1.69
2013.05.15 15:10:08.267,1.54836,1.54861,1.13,1.69
2013.05.15 15:10:08.643,1.54836,1.54861,1.13,1.50
2013.05.15 15:10:09.162,1.54836,1.54858,1.13,1.50
2013.05.15 15:10:09.224,1.54831,1.54864,1.58,2.44
2013.05.15 15:10:09.344,1.54831,1.54864,1.58,2.44
2013.05.15 15:10:09.822,1.54832,1.5486,1.13,1.13
2013.05.15 15:10:09.942,1.54831,1.54858,1.13,1.50
2013.05.15 15:10:10.202,1.54831,1.54856,1.13,1.50
2013.05.15 15:10:10.444,1.54825,1.54853,1.13,1.69
2013.05.15 15:10:10.682,1.54817,1.54849,1.32,1.69
2013.05.15 15:10:11.052,1.54818,1.54847,1.32,1.69
2013.05.15 15:10:12.172,1.54818,1.54846,1.32,1.69
2013.05.15 15:10:12.474,1.54816,1.5484,1.73,2.07
2013.05.15 15:10:14.793,1.54817,1.54843,1.73,1.69
2013.05.15 15:10:15.982,1.54815,1.5484,2.10,1.69
2013.05.15 15:10:16.282,1.54812,1.5484,1.13,2.44
2013.05.15 15:10:18.842,1.54811,1.54841,1.73,1.69
2013.05.15 15:10:20.483,1.54817,1.54843,1.95,1.69
2013.05.15 15:10:20.936,1.54815,1.54844,1.69,1.88
2013.05.15 15:10:21.242,1.54817,1.54847,1.13,2.44
2013.05.15 15:10:21.423,1.54816,1.54845,1.32,2.03
2013.05.15 15:10:21.543,1.54809,1.54839,2.63,1.13
2013.05.15 15:10:21.854,1.54807,1.54839,1.69,1.32
2013.05.15 15:10:22.183,1.54807,1.54836,1.50,1.32
2013.05.15 15:10:23.174,1.54816,1.54839,2.78,1.69
2013.05.15 15:10:23.294,1.54826,1.54844,1.13,1.69
2013.05.15 15:10:23.473,1.54816,1.54847,1.69,1.69
2013.05.15 15:10:23.653,1.54815,1.54847,1.50,1.69
2013.05.15 15:10:25.667,1.54815,1.54843,1.13,1.69
2013.05.15 15:10:26.174,1.54814,1.54843,1.13,1.69
2013.05.15 15:10:26.413,1.5482,1.54844,1.13,1.69
2013.05.15 15:10:27.302,1.54817,1.54845,1.50,2.44
2013.05.15 15:10:28.688,1.54821,1.54842,1.50,1.69
2013.05.15 15:10:28.873,1.54826,1.54844,1.13,1.69
2013.05.15 15:10:28.994,1.54821,1.54844,1.88,1.69
2013.05.15 15:10:29.532,1.54816,1.54844,1.69,1.69
2013.05.15 15:10:29.833,1.54816,1.54844,1.50,2.44
2013.05.15 15:10:31.144,1.54814,1.54843,1.13,1.69
2013.05.15 15:10:31.383,1.54812,1.54843,1.69,1.69
2013.05.15 15:10:31.513,1.54812,1.54843,2.07,2.44
2013.05.15 15:10:32.570,1.54812,1.54842,1.32,1.69
2013.05.15 15:10:34.051,1.5481,1.54843,1.69,1.32
2013.05.15 15:10:35.583,1.54813,1.54842,1.32,1.69
2013.05.15 15:10:36.013,1.54817,1.54846,1.69,1.32
2013.05.15 15:10:36.152,1.54822,1.54844,1.58,1.17
2013.05.15 15:10:36.693,1.54824,1.54849,1.13,1.69
2013.05.15 15:10:36.753,1.54824,1.54849,1.13,1.69
2013.05.15 15:10:36.935,1.54824,1.54853,1.13,1.69
2013.05.15 15:10:37.215,1.54825,1.54851,1.13,1.69
2013.05.15 15:10:37.273,1.54825,1.54851,1.13,1.69
2013.05.15 15:10:37.693,1.54824,1.5485,1.13,2.44
2013.05.15 15:10:38.244,1.54824,1.54848,1.13,1.69
2013.05.15 15:10:39.502,1.54821,1.54848,1.13,1.69
2013.05.15 15:10:40.205,1.54821,1.54848,1.13,2.44
2013.05.15 15:10:41.303,1.54814,1.54843,1.88,1.69
2013.05.15 15:10:42.220,1.54815,1.54843,1.50,2.67
2013.05.15 15:10:44.272,1.54815,1.54842,1.58,1.17
2013.05.15 15:10:45.612,1.54815,1.54845,1.50,1.92
2013.05.15 15:10:48.184,1.54821,1.54848,1.58,1.69
2013.05.15 15:10:48.913,1.54821,1.54849,1.58,2.67
2013.05.15 15:10:49.673,1.54825,1.54849,1.13,1.69
2013.05.15 15:10:51.224,1.54825,1.54849,1.13,1.69
2013.05.15 15:10:52.643,1.54825,1.5485,1.13,1.69
2013.05.15 15:10:54.884,1.54817,1.54832,1.02,3.74
2013.05.15 15:10:54.943,1.54803,1.54828,1.50,8.81
2013.05.15 15:10:55.003,1.54794,1.54811,2.44,1.13
2013.05.15 15:10:55.122,1.54789,1.54818,1.69,1.13
2013.05.15 15:10:55.182,1.54794,1.54818,1.50,1.13
2013.05.15 15:10:55.361,1.54798,1.54822,1.13,1.69
2013.05.15 15:10:55.483,1.54798,1.54826,1.13,2.44
2013.05.15 15:10:56.443,1.54798,1.54828,1.13,1.69
2013.05.15 15:10:56.683,1.54797,1.54826,1.50,1.02
2013.05.15 15:10:56.923,1.54793,1.54825,1.32,1.69
2013.05.15 15:10:57.282,1.54796,1.54824,1.69,1.50
2013.05.15 15:10:57.583,1.54805,1.5483,1.50,1.69
2013.05.15 15:10:57.704,1.54805,1.54832,1.50,1.69
2013.05.15 15:10:57.763,1.54806,1.54835,1.50,1.69
2013.05.15 15:10:58.063,1.54808,1.54835,1.50,2.07
2013.05.15 15:10:58.366,1.5481,1.54836,1.50,1.69
2013.05.15 15:10:58.774,1.54812,1.54838,1.50,1.69
2013.05.15 15:10:59.124,1.54812,1.54838,1.50,1.69
2013.05.15 15:10:59.553,1.54808,1.5483,1.50,1.13
2013.05.15 15:11:00.099,1.54808,1.5483,1.50,1.32
2013.05.15 15:11:00.412,1.54806,1.5483,1.50,1.32
2013.05.15 15:11:00.952,1.54806,1.54829,1.50,1.50
2013.05.15 15:11:01.927,1.54798,1.54828,2.44,1.09
2013.05.15 15:11:01.996,1.54797,1.5482,1.69,1.13
2013.05.15 15:11:02.123,1.54792,1.5482,1.50,1.32
2013.05.15 15:11:02.364,1.54791,1.54821,1.50,1.32
2013.05.15 15:11:02.673,1.54791,1.54822,1.50,1.32
2013.05.15 15:11:02.972,1.54795,1.54819,1.50,1.69
2013.05.15 15:11:04.275,1.54796,1.54825,1.50,1.69
2013.05.15 15:11:04.947,1.54796,1.54825,1.50,1.69
2013.05.15 15:11:05.374,1.54792,1.5482,1.32,1.69
2013.05.15 15:11:05.504,1.54788,1.54819,1.32,1.02
2013.05.15 15:11:05.563,1.54787,1.54817,1.32,1.13
2013.05.15 15:11:05.622,1.54787,1.54817,1.32,1.88
2013.05.15 15:11:05.804,1.54786,1.54815,1.13,1.50
2013.05.15 15:11:06.070,1.54783,1.54812,1.32,1.69
2013.05.15 15:11:06.193,1.54783,1.54813,2.07,1.69
2013.05.15 15:11:07.884,1.54784,1.54813,1.69,1.69
2013.05.15 15:11:08.303,1.54787,1.54815,1.50,1.69
2013.05.15 15:11:08.663,1.54788,1.54815,1.50,1.69
2013.05.15 15:11:09.304,1.54788,1.54818,2.25,1.69
2013.05.15 15:11:10.517,1.54794,1.54818,1.13,1.69
2013.05.15 15:11:10.658,1.54794,1.54821,1.13,1.69
2013.05.15 15:11:11.172,1.54794,1.54823,1.13,1.69
2013.05.15 15:11:12.682,1.548,1.54828,1.50,1.02
2013.05.15 15:11:16.162,1.548,1.54828,1.50,1.02
2013.05.15 15:11:16.415,1.548,1.5483,2.25,1.77
2013.05.15 15:11:17.893,1.548,1.54833,2.25,2.44
2013.05.15 15:11:18.132,1.54802,1.54833,1.69,1.69
2013.05.15 15:11:18.912,1.54801,1.54831,1.88,2.44
2013.05.15 15:11:19.211,1.54797,1.54825,1.50,1.69
2013.05.15 15:11:19.272,1.54797,1.54825,1.50,2.67
2013.05.15 15:11:19.622,1.54797,1.54825,1.50,2.67
2013.05.15 15:11:20.193,1.54797,1.54824,1.50,1.69
2013.05.15 15:11:21.192,1.54797,1.54824,1.50,2.67
2013.05.15 15:11:22.656,1.54797,1.54821,1.50,1.17
2013.05.15 15:11:22.965,1.54795,1.54819,1.50,1.73
2013.05.15 15:11:23.143,1.54795,1.54818,1.50,1.17
2013.05.15 15:11:23.815,1.54794,1.54821,1.88,1.92
2013.05.15 15:11:23.948,1.54794,1.54822,1.88,2.67
2013.05.15 15:11:24.382,1.54794,1.54821,1.88,1.92
2013.05.15 15:11:24.893,1.54794,1.54821,1.88,1.92
2013.05.15 15:11:25.222,1.54789,1.54817,1.32,1.02
2013.05.15 15:11:25.714,1.54789,1.54815,1.32,1.02
2013.05.15 15:11:26.013,1.54789,1.54815,1.13,1.77
2013.05.15 15:11:26.428,1.54789,1.54815,1.13,1.02
2013.05.15 15:11:26.613,1.54789,1.54815,1.13,1.77
2013.05.15 15:11:26.874,1.54789,1.54815,1.13,1.02
2013.05.15 15:11:27.123,1.54789,1.54815,1.13,1.02
2013.05.15 15:11:28.150,1.54803,1.5483,1.50,2.07
2013.05.15 15:11:28.272,1.54803,1.5483,2.25,1.69
2013.05.15 15:11:28.574,1.54806,1.54834,1.50,1.69
2013.05.15 15:11:29.482,1.54806,1.54834,1.32,1.32
2013.05.15 15:11:30.833,1.54805,1.54833,1.32,1.24
2013.05.15 15:11:32.537,1.54806,1.54834,1.32,1.92
2013.05.15 15:11:32.904,1.54806,1.54833,1.32,1.92
2013.05.15 15:11:33.684,1.54806,1.54833,1.32,1.17
2013.05.15 15:11:33.985,1.54806,1.54839,1.32,2.40
2013.05.15 15:11:35.674,1.54809,1.54842,1.17,2.07
2013.05.15 15:11:36.152,1.54809,1.54842,1.17,2.07
2013.05.15 15:11:36.593,1.54814,1.54843,1.13,1.69
2013.05.15 15:11:37.853,1.54813,1.54847,1.32,1.69
2013.05.15 15:11:38.094,1.54813,1.54847,1.32,1.69
2013.05.15 15:11:38.452,1.54821,1.54847,1.13,1.69
2013.05.15 15:11:38.701,1.54821,1.5485,1.13,1.69
2013.05.15 15:11:39.135,1.54826,1.54855,1.13,1.69
2013.05.15 15:11:39.324,1.54826,1.54855,1.13,1.69
2013.05.15 15:11:43.625,1.54822,1.54852,1.32,1.92
2013.05.15 15:11:44.217,1.54822,1.54852,1.32,1.92
2013.05.15 15:11:45.373,1.54822,1.54852,2.07,1.17
2013.05.15 15:11:46.903,1.54826,1.54852,1.13,1.17
2013.05.15 15:11:47.085,1.54826,1.54852,1.13,1.17
2013.05.15 15:11:47.203,1.54826,1.54854,1.13,1.17
2013.05.15 15:11:47.642,1.54823,1.54856,2.14,1.69
2013.05.15 15:11:48.373,1.54823,1.54856,2.89,1.69
2013.05.15 15:11:48.871,1.54835,1.54856,1.09,1.69
2013.05.15 15:11:48.937,1.5484,1.54861,1.50,1.32
2013.05.15 15:11:49.065,1.5484,1.54861,1.69,1.13
2013.05.15 15:11:49.124,1.54842,1.5487,1.02,1.50
2013.05.15 15:11:49.185,1.54846,1.54876,1.13,1.92
2013.05.15 15:11:49.543,1.54848,1.54875,1.69,1.13
2013.05.15 15:11:50.081,1.54851,1.54881,3.53,2.10
2013.05.15 15:11:50.146,1.54862,1.54886,1.32,1.73
2013.05.15 15:11:50.212,1.54858,1.54886,1.02,1.73
2013.05.15 15:11:50.454,1.54855,1.54881,2.44,1.13
2013.05.15 15:11:50.632,1.54855,1.54881,1.69,1.32
2013.05.15 15:11:51.142,1.54853,1.54884,1.02,1.32
2013.05.15 15:11:51.413,1.54852,1.54881,1.77,1.32
2013.05.15 15:11:51.662,1.54853,1.54883,1.02,1.32
2013.05.15 15:11:52.242,1.54851,1.5488,1.69,1.73
2013.05.15 15:11:52.422,1.54852,1.54881,1.69,2.10
2013.05.15 15:11:52.483,1.54853,1.54881,1.32,1.73
2013.05.15 15:11:52.723,1.54853,1.54881,1.32,1.73
2013.05.15 15:11:52.893,1.54851,1.54881,2.07,2.48
2013.05.15 15:11:53.196,1.54849,1.54879,1.32,1.73
2013.05.15 15:11:53.782,1.54843,1.54876,1.69,1.92
2013.05.15 15:11:54.232,1.54841,1.54873,1.69,1.73
2013.05.15 15:11:54.835,1.54838,1.54869,2.82,1.73
2013.05.15 15:11:54.907,1.54841,1.54869,1.69,1.73
2013.05.15 15:11:57.723,1.5485,1.54874,1.02,1.50
2013.05.15 15:11:58.203,1.54845,1.54873,1.02,1.50
2013.05.15 15:11:58.623,1.54841,1.54873,1.69,2.48
2013.05.15 15:11:58.744,1.54838,1.54867,1.39,1.73
2013.05.15 15:12:01.742,1.54839,1.54868,2.44,1.32
2013.05.15 15:12:02.188,1.54847,1.54871,1.39,1.73
2013.05.15 15:12:02.257,1.54849,1.54872,1.20,1.17
2013.05.15 15:12:02.774,1.54849,1.54872,1.20,1.17
2013.05.15 15:12:03.333,1.54849,1.54874,1.39,2.10
2013.05.15 15:12:03.855,1.54849,1.54872,1.13,1.17
2013.05.15 15:12:04.393,1.54849,1.54873,1.13,1.17
2013.05.15 15:12:04.934,1.54845,1.54873,1.32,1.17
2013.05.15 15:12:05.172,1.54845,1.54869,1.32,1.73
2013.05.15 15:12:05.493,1.54845,1.54866,1.13,1.17
2013.05.15 15:12:05.673,1.54837,1.54863,1.69,1.50
2013.05.15 15:12:05.733,1.54837,1.54862,1.69,1.73
2013.05.15 15:12:05.914,1.54828,1.5486,2.07,1.73
2013.05.15 15:12:06.333,1.54833,1.5486,1.50,1.92
2013.05.15 15:12:06.553,1.54836,1.54863,1.69,1.92
2013.05.15 15:12:07.463,1.54835,1.54863,1.32,1.92
2013.05.15 15:12:07.534,1.54832,1.54858,1.69,1.73
2013.05.15 15:12:09.972,1.54832,1.54857,1.32,1.35
2013.05.15 15:12:10.213,1.54829,1.54857,1.32,1.73
2013.05.15 15:12:10.543,1.54826,1.54857,1.69,1.73
2013.05.15 15:12:12.683,1.54826,1.54858,1.69,1.73
2013.05.15 15:12:13.594,1.54827,1.54858,1.69,1.73
2013.05.15 15:12:13.977,1.54822,1.54848,1.39,1.73
2013.05.15 15:12:14.104,1.54821,1.54848,1.39,1.73
2013.05.15 15:12:14.342,1.5482,1.54844,1.32,1.73
2013.05.15 15:12:14.463,1.54816,1.54844,2.44,1.73
2013.05.15 15:12:15.010,1.54816,1.54844,1.50,1.73
2013.05.15 15:12:15.682,1.54808,1.54838,1.69,1.13
2013.05.15 15:12:15.743,1.54808,1.54834,1.69,1.73
2013.05.15 15:12:15.804,1.54803,1.54834,1.69,1.73
2013.05.15 15:12:16.164,1.54803,1.54828,1.69,1.73
2013.05.15 15:12:17.474,1.54803,1.5483,1.69,1.73
2013.05.15 15:12:17.622,1.54803,1.54832,1.69,1.17
2013.05.15 15:12:18.122,1.54803,1.5483,1.69,1.92
2013.05.15 15:12:18.365,1.54807,1.54833,1.50,1.92
2013.05.15 15:12:18.672,1.54809,1.54836,1.32,2.67
2013.05.15 15:12:19.202,1.54809,1.54839,2.44,2.29
2013.05.15 15:12:20.924,1.54809,1.54839,2.44,1.32
2013.05.15 15:12:22.233,1.54812,1.54839,1.69,1.32
2013.05.15 15:12:24.922,1.54822,1.54842,1.13,1.17
2013.05.15 15:12:24.984,1.54822,1.54843,1.13,1.92
2013.05.15 15:12:25.163,1.54818,1.54844,1.32,1.92
2013.05.15 15:12:26.712,1.5482,1.54848,1.77,1.35
2013.05.15 15:12:26.772,1.5482,1.54849,1.77,1.92
2013.05.15 15:12:26.952,1.5482,1.54849,1.77,1.17
2013.05.15 15:12:27.268,1.54823,1.54854,1.69,1.92
2013.05.15 15:12:27.394,1.54824,1.54854,1.69,1.17
2013.05.15 15:12:28.403,1.54824,1.54854,1.69,1.92
2013.05.15 15:12:28.522,1.54823,1.54852,1.32,1.13
2013.05.15 15:12:28.822,1.54823,1.54852,1.50,1.13
2013.05.15 15:12:30.233,1.5482,1.54854,1.69,2.29
2013.05.15 15:12:30.972,1.5482,1.5485,1.69,1.54
2013.05.15 15:12:31.620,1.5482,1.5485,1.69,1.92
2013.05.15 15:12:32.343,1.54816,1.54847,1.69,1.92
2013.05.15 15:12:32.465,1.54816,1.54844,1.77,1.73
2013.05.15 15:12:32.673,1.54816,1.54844,1.77,1.73
2013.05.15 15:12:33.694,1.54816,1.54844,1.02,1.73
2013.05.15 15:12:34.288,1.54816,1.54844,1.02,1.92
2013.05.15 15:12:34.475,1.54814,1.54842,1.32,1.92
2013.05.15 15:12:34.781,1.5481,1.5484,1.69,1.17
2013.05.15 15:12:34.904,1.54806,1.5484,2.44,1.17
2013.05.15 15:12:35.233,1.54806,1.5484,2.44,1.17
2013.05.15 15:12:35.353,1.54806,1.5484,2.44,1.17
2013.05.15 15:12:35.413,1.54806,1.5484,2.44,1.92
2013.05.15 15:12:35.847,1.54806,1.5484,2.44,1.17
2013.05.15 15:12:37.073,1.54806,1.54839,1.69,1.32
2013.05.15 15:12:38.043,1.54806,1.54838,1.69,1.69
2013.05.15 15:12:38.203,1.54806,1.54838,1.69,1.69
2013.05.15 15:12:39.157,1.54806,1.5484,1.69,1.92
2013.05.15 15:12:43.434,1.54804,1.54833,1.69,1.13
2013.05.15 15:12:43.613,1.54799,1.54833,1.69,3.04
2013.05.15 15:12:43.914,1.54799,1.54828,1.32,1.17
2013.05.15 15:12:43.973,1.548,1.54828,1.50,1.17
2013.05.15 15:12:44.094,1.548,1.54831,1.50,1.88
2013.05.15 15:12:44.313,1.548,1.54831,1.50,1.88
2013.05.15 15:12:44.493,1.548,1.54828,1.50,1.92
2013.05.15 15:12:45.342,1.54802,1.54834,1.02,3.60
2013.05.15 15:12:45.973,1.54802,1.54833,2.52,1.92
2013.05.15 15:12:46.153,1.54802,1.54833,2.52,1.92
2013.05.15 15:12:47.013,1.54801,1.54833,1.02,1.69
2013.05.15 15:12:47.493,1.54801,1.54831,1.02,1.92
2013.05.15 15:12:48.338,1.54801,1.54831,1.02,1.92
2013.05.15 15:12:50.534,1.54803,1.54831,1.13,1.17
2013.05.15 15:12:50.652,1.54803,1.54831,1.13,1.17
2013.05.15 15:12:51.863,1.54802,1.54831,1.13,1.92
2013.05.15 15:12:52.114,1.54802,1.54831,1.13,1.17
2013.05.15 15:12:52.605,1.54807,1.54831,1.50,1.17
2013.05.15 15:12:52.855,1.54818,1.54843,1.32,1.32
2013.05.15 15:12:52.975,1.5482,1.54848,1.02,1.13
2013.05.15 15:12:53.036,1.5482,1.54848,1.39,1.13
2013.05.15 15:12:53.343,1.54817,1.54851,2.48,1.32
2013.05.15 15:12:53.403,1.54821,1.5485,1.13,1.02
2013.05.15 15:12:53.763,1.54818,1.54851,2.07,1.69
2013.05.15 15:12:54.202,1.54817,1.54851,1.32,1.69
2013.05.15 15:12:54.506,1.54815,1.54848,2.07,1.69
2013.05.15 15:12:55.292,1.54818,1.54853,1.32,3.42
2013.05.15 15:12:56.614,1.5482,1.54852,1.13,1.92
2013.05.15 15:12:57.632,1.5482,1.54852,1.13,1.92
2013.05.15 15:12:57.883,1.54821,1.54852,1.13,1.92
2013.05.15 15:12:58.883,1.54821,1.54849,1.77,1.13
2013.05.15 15:12:59.242,1.54821,1.54852,2.63,1.69
2013.05.15 15:13:00.102,1.54824,1.54853,1.69,1.92
2013.05.15 15:13:00.653,1.54824,1.54854,1.69,2.44
2013.05.15 15:13:01.915,1.54821,1.54854,1.69,2.44
2013.05.15 15:13:02.233,1.54821,1.54852,1.69,1.69
2013.05.15 15:13:02.773,1.54819,1.5485,1.69,1.88
2013.05.15 15:13:02.894,1.54822,1.5485,1.13,1.69
2013.05.15 15:13:03.104,1.54822,1.54849,1.13,1.69
2013.05.15 15:13:03.705,1.54821,1.54849,1.13,1.69
2013.05.15 15:13:05.104,1.54821,1.54849,1.13,1.69
2013.05.15 15:13:06.574,1.54821,1.54849,1.32,1.69
2013.05.15 15:13:07.049,1.54822,1.5485,1.32,1.92
2013.05.15 15:13:08.742,1.54822,1.54848,1.13,1.92
2013.05.15 15:13:09.642,1.5482,1.54846,1.32,1.17
2013.05.15 15:13:09.952,1.5482,1.54845,1.32,1.92
2013.05.15 15:13:11.382,1.54823,1.54846,1.13,1.17
2013.05.15 15:13:11.933,1.54825,1.54851,1.50,1.69
2013.05.15 15:13:12.294,1.54838,1.54862,1.13,1.69
2013.05.15 15:13:12.473,1.54839,1.54865,1.13,1.69
2013.05.15 15:13:12.715,1.54836,1.54865,1.13,1.69
2013.05.15 15:13:12.786,1.54832,1.54865,1.69,3.00
2013.05.15 15:13:13.333,1.54831,1.54866,1.69,3.60
2013.05.15 15:13:13.512,1.54831,1.54864,1.69,1.69
2013.05.15 15:13:15.833,1.5483,1.54863,2.07,1.69
2013.05.15 15:13:16.934,1.54836,1.54865,1.50,1.69
2013.05.15 15:13:17.112,1.5484,1.54866,1.13,1.92
2013.05.15 15:13:17.962,1.54837,1.54865,1.13,1.69
2013.05.15 15:13:18.953,1.54836,1.54865,1.13,1.69
2013.05.15 15:13:19.496,1.54836,1.54865,1.32,1.69
2013.05.15 15:13:21.194,1.54834,1.54863,1.02,1.69
2013.05.15 15:13:21.252,1.54834,1.54863,1.02,1.69
2013.05.15 15:13:22.364,1.54832,1.5486,1.02,1.69
2013.05.15 15:13:24.073,1.54832,1.54861,1.02,1.88
2013.05.15 15:13:24.253,1.54825,1.54855,1.02,1.32
2013.05.15 15:13:24.792,1.54826,1.54853,1.02,1.69
2013.05.15 15:13:25.461,1.54822,1.54853,1.32,2.67
2013.05.15 15:13:26.358,1.54822,1.54851,1.32,1.73
2013.05.15 15:13:26.675,1.54817,1.54848,1.50,2.29
2013.05.15 15:13:26.792,1.54823,1.54848,1.13,2.67
2013.05.15 15:13:26.853,1.54822,1.54848,1.13,3.42
2013.05.15 15:13:27.213,1.54817,1.54848,1.84,2.44
2013.05.15 15:13:27.633,1.54817,1.54848,1.28,2.44
2013.05.15 15:13:27.754,1.54817,1.54849,1.28,2.67
2013.05.15 15:13:29.005,1.54815,1.54848,1.02,1.69
2013.05.15 15:13:30.202,1.54815,1.54847,1.02,1.69
2013.05.15 15:13:32.853,1.54815,1.54846,1.02,1.88
2013.05.15 15:13:33.743,1.54813,1.54839,1.92,1.13
2013.05.15 15:13:34.043,1.54808,1.54833,1.32,1.13
2013.05.15 15:13:34.403,1.54807,1.54833,1.13,3.04
2013.05.15 15:13:35.210,1.54807,1.5483,1.13,1.17
2013.05.15 15:13:35.936,1.54807,1.54833,1.13,1.92
2013.05.15 15:13:37.053,1.54808,1.54836,1.28,1.13
2013.05.15 15:13:37.413,1.54813,1.54841,1.20,1.88
2013.05.15 15:13:37.474,1.54813,1.54841,1.39,1.13
2013.05.15 15:13:37.532,1.54813,1.54841,1.39,1.13
2013.05.15 15:13:38.283,1.54813,1.54845,1.39,1.88
2013.05.15 15:13:39.665,1.54813,1.54848,1.39,1.69
2013.05.15 15:13:41.497,1.54817,1.54846,1.02,1.13
2013.05.15 15:13:42.343,1.54815,1.54843,1.69,1.13
2013.05.15 15:13:42.705,1.54812,1.54839,1.02,1.69
2013.05.15 15:13:42.887,1.54809,1.54843,1.69,1.20
2013.05.15 15:13:43.203,1.54811,1.54841,1.02,1.73
2013.05.15 15:13:43.578,1.54808,1.54841,1.02,1.73
2013.05.15 15:13:43.705,1.54806,1.54841,2.10,1.92
2013.05.15 15:13:43.883,1.54803,1.54837,1.69,1.92
2013.05.15 15:13:44.183,1.54806,1.54836,1.69,1.92
2013.05.15 15:13:44.606,1.54806,1.54836,1.69,1.17
2013.05.15 15:13:44.675,1.54803,1.54835,2.14,1.50
2013.05.15 15:13:44.853,1.54802,1.54834,1.39,2.67
2013.05.15 15:13:46.114,1.54802,1.54834,1.39,1.69
2013.05.15 15:13:46.323,1.54801,1.54833,1.39,1.69
2013.05.15 15:13:47.023,1.54802,1.54834,1.39,1.69
2013.05.15 15:13:47.485,1.54802,1.54835,1.39,1.69
2013.05.15 15:13:47.665,1.54802,1.54835,1.39,1.69
2013.05.15 15:13:47.796,1.54807,1.54838,1.02,2.44
2013.05.15 15:13:48.684,1.54807,1.54841,1.69,3.75
2013.05.15 15:13:48.805,1.54802,1.54839,2.44,1.88
2013.05.15 15:13:48.874,1.54806,1.54839,1.69,2.25
2013.05.15 15:13:49.416,1.54802,1.54834,2.44,1.32
2013.05.15 15:13:49.485,1.54805,1.54834,1.69,1.32
2013.05.15 15:13:50.474,1.54805,1.54834,1.69,1.32
2013.05.15 15:13:53.266,1.54803,1.54833,1.02,2.29
2013.05.15 15:13:53.402,1.54803,1.54833,1.02,2.29
2013.05.15 15:13:55.115,1.54806,1.54834,1.13,1.69
2013.05.15 15:13:55.173,1.54806,1.54833,1.13,1.69
2013.05.15 15:13:56.582,1.54799,1.5483,1.69,1.50
2013.05.15 15:13:57.151,1.54798,1.5483,2.07,1.69
2013.05.15 15:13:57.335,1.54798,1.5483,1.32,1.69
2013.05.15 15:13:57.588,1.54798,1.5483,2.07,1.69
2013.05.15 15:13:57.655,1.54798,1.5483,2.07,1.69
2013.05.15 15:13:58.948,1.54798,1.54832,2.07,1.69
2013.05.15 15:13:59.076,1.54799,1.54833,2.07,1.69
2013.05.15 15:13:59.385,1.54799,1.54833,2.07,1.69
2013.05.15 15:13:59.714,1.54799,1.54833,2.07,1.69
2013.05.15 15:14:00.253,1.54799,1.54833,2.07,1.69
2013.05.15 15:14:00.374,1.54803,1.54835,2.03,1.32
2013.05.15 15:14:00.433,1.54804,1.54838,1.28,1.54
2013.05.15 15:14:00.613,1.54809,1.54841,1.77,2.07
2013.05.15 15:14:00.673,1.54809,1.54841,1.77,1.32
2013.05.15 15:14:01.032,1.54814,1.54845,1.02,1.69
2013.05.15 15:14:01.392,1.54814,1.54852,2.44,1.88
2013.05.15 15:14:05.933,1.54815,1.54846,1.02,1.69
2013.05.15 15:14:06.053,1.54811,1.54846,1.69,2.44
2013.05.15 15:14:07.373,1.54807,1.54838,1.69,1.69
2013.05.15 15:14:09.383,1.54805,1.54838,1.02,1.69
2013.05.15 15:14:10.455,1.54805,1.54838,1.02,1.69
2013.05.15 15:14:11.154,1.54805,1.54838,1.02,2.44
2013.05.15 15:14:12.082,1.54805,1.54837,1.02,1.69
2013.05.15 15:14:14.604,1.54805,1.54833,1.02,1.32
2013.05.15 15:14:16.513,1.54803,1.54833,1.95,1.32
2013.05.15 15:14:16.815,1.54803,1.54829,1.50,1.32
2013.05.15 15:14:16.995,1.54798,1.54829,1.32,2.07
2013.05.15 15:14:17.053,1.54798,1.54829,1.13,2.07
2013.05.15 15:14:17.413,1.54797,1.54829,1.02,2.14
2013.05.15 15:14:17.653,1.54799,1.5483,2.25,2.82
2013.05.15 15:14:17.713,1.54804,1.54833,1.02,1.69
2013.05.15 15:14:18.433,1.54803,1.54835,1.92,1.02
2013.05.15 15:14:18.615,1.54802,1.54835,2.07,1.02
2013.05.15 15:14:19.777,1.54803,1.54835,1.69,1.02
2013.05.15 15:14:20.385,1.54797,1.54831,1.32,1.69
2013.05.15 15:14:21.342,1.54801,1.54831,1.54,1.69
2013.05.15 15:14:21.403,1.54801,1.54833,2.29,1.69
2013.05.15 15:14:22.674,1.54806,1.54838,1.88,1.69
2013.05.15 15:14:23.013,1.54805,1.54837,1.32,1.69
2013.05.15 15:14:23.665,1.54807,1.54839,1.69,1.69
2013.05.15 15:14:23.794,1.54808,1.54839,1.69,1.69
2013.05.15 15:14:24.153,1.54807,1.54839,1.69,1.69
2013.05.15 15:14:25.384,1.54807,1.54839,1.69,1.69
2013.05.15 15:14:28.815,1.54807,1.5484,1.69,1.69
2013.05.15 15:14:29.463,1.54807,1.5484,1.13,1.69
2013.05.15 15:14:33.873,1.54811,1.54841,1.13,1.69
2013.05.15 15:14:34.172,1.54816,1.54842,1.32,1.69
2013.05.15 15:14:37.902,1.54816,1.54842,1.32,1.69
2013.05.15 15:14:38.956,1.54816,1.54842,1.32,1.69
2013.05.15 15:14:39.472,1.54816,1.54842,1.32,1.69
2013.05.15 15:14:40.170,1.54819,1.54844,1.13,2.44
2013.05.15 15:14:40.522,1.5482,1.54845,1.13,1.69
2013.05.15 15:14:41.473,1.54817,1.54845,1.32,2.82
2013.05.15 15:14:41.593,1.54816,1.5484,2.07,1.50
2013.05.15 15:14:42.173,1.54817,1.54841,1.32,1.50
2013.05.15 15:14:42.652,1.54819,1.54846,1.13,1.69
2013.05.15 15:14:43.984,1.54811,1.54843,2.44,1.50
2013.05.15 15:14:44.103,1.54811,1.5484,1.39,1.69
2013.05.15 15:14:45.266,1.54808,1.54841,1.92,1.69
2013.05.15 15:14:45.512,1.54811,1.54839,1.32,1.13
2013.05.15 15:14:45.884,1.54811,1.54839,1.32,1.13
2013.05.15 15:14:46.063,1.54811,1.54839,1.32,1.69
2013.05.15 15:14:46.123,1.54811,1.54839,1.39,1.69
2013.05.15 15:14:46.484,1.54812,1.54836,1.13,1.50
2013.05.15 15:14:46.544,1.54812,1.54836,1.13,1.50
2013.05.15 15:14:47.198,1.54806,1.54836,1.32,3.23
2013.05.15 15:14:47.262,1.54806,1.54833,1.32,1.69
2013.05.15 15:14:49.334,1.54806,1.54832,1.13,1.02
2013.05.15 15:14:50.343,1.54805,1.54829,1.32,1.13
2013.05.15 15:14:50.403,1.54806,1.54828,1.13,1.32
2013.05.15 15:14:50.706,1.54793,1.5482,1.28,1.13
2013.05.15 15:14:50.763,1.54793,1.54819,1.28,1.13
2013.05.15 15:14:51.704,1.54789,1.54819,1.32,1.88
2013.05.15 15:14:51.762,1.54789,1.54818,1.32,1.13
2013.05.15 15:14:52.323,1.54789,1.54819,1.32,1.50
2013.05.15 15:14:52.504,1.54791,1.54823,1.32,1.69
2013.05.15 15:14:52.562,1.54792,1.54825,1.32,2.44
2013.05.15 15:14:52.743,1.54792,1.54825,1.69,2.44
2013.05.15 15:14:52.924,1.54792,1.54819,1.69,1.13
2013.05.15 15:14:53.285,1.54792,1.5482,1.69,2.07
2013.05.15 15:14:53.854,1.5479,1.54818,1.69,1.32
2013.05.15 15:14:54.396,1.5479,1.54818,1.69,1.32
2013.05.15 15:14:54.553,1.54787,1.54818,2.44,1.32
2013.05.15 15:14:56.507,1.54787,1.54817,2.44,1.32
2013.05.15 15:14:59.163,1.54787,1.54817,1.02,1.13
2013.05.15 15:14:59.239,1.54784,1.54817,2.18,1.13
2013.05.15 15:15:02.394,1.54787,1.54817,1.88,1.13
2013.05.15 15:15:02.514,1.54788,1.54822,1.73,1.58
2013.05.15 15:15:02.634,1.54794,1.54824,1.09,1.58
2013.05.15 15:15:02.814,1.54792,1.54825,1.28,1.50
2013.05.15 15:15:02.874,1.54793,1.54827,1.05,1.13
2013.05.15 15:15:02.933,1.54793,1.54825,1.05,1.50
2013.05.15 15:15:02.995,1.54791,1.54825,3.42,1.50
2013.05.15 15:15:03.295,1.54794,1.54825,1.50,1.50
2013.05.15 15:15:03.832,1.54793,1.54829,1.80,2.63
2013.05.15 15:15:04.463,1.54797,1.54829,1.05,2.63
2013.05.15 15:15:04.824,1.54794,1.54829,1.02,1.88
2013.05.15 15:15:04.943,1.54792,1.54819,1.17,1.13
2013.05.15 15:15:05.245,1.54793,1.54825,1.58,1.50
2013.05.15 15:15:05.604,1.54794,1.54829,1.02,1.88
2013.05.15 15:15:05.993,1.54795,1.54826,1.50,1.50
2013.05.15 15:15:06.295,1.54792,1.54824,1.73,1.50
2013.05.15 15:15:06.415,1.54792,1.54822,1.73,1.50
2013.05.15 15:15:06.894,1.5479,1.54824,1.50,1.50
2013.05.15 15:15:08.683,1.54794,1.54826,1.13,1.50
2013.05.15 15:15:09.344,1.54793,1.54826,2.10,1.50
2013.05.15 15:15:09.555,1.54791,1.54822,1.73,1.69
2013.05.15 15:15:09.937,1.54791,1.54821,1.73,1.50
2013.05.15 15:15:10.182,1.54791,1.5482,1.73,1.13
2013.05.15 15:15:10.422,1.54791,1.54821,2.48,1.50
2013.05.15 15:15:10.482,1.54792,1.54823,2.48,1.50
2013.05.15 15:15:10.663,1.54792,1.54825,2.48,1.50
2013.05.15 15:15:11.654,1.54792,1.54827,1.13,2.63
2013.05.15 15:15:12.082,1.54794,1.54827,1.13,2.63
2013.05.15 15:15:12.202,1.54791,1.54827,1.88,2.25
2013.05.15 15:15:12.574,1.54794,1.54827,1.13,2.63
2013.05.15 15:15:12.893,1.54791,1.54826,1.13,2.48
2013.05.15 15:15:13.197,1.54787,1.54822,1.92,2.25
2013.05.15 15:15:13.383,1.54791,1.54819,1.73,1.58
2013.05.15 15:15:13.742,1.54787,1.54808,1.73,1.13
2013.05.15 15:15:13.923,1.54788,1.54816,1.73,1.13
2013.05.15 15:15:15.203,1.54788,1.5482,1.73,1.50
2013.05.15 15:15:15.266,1.54787,1.5482,1.73,1.50
2013.05.15 15:15:15.395,1.54788,1.54818,1.05,1.50
2013.05.15 15:15:16.029,1.54786,1.54819,1.73,1.50
2013.05.15 15:15:16.813,1.54786,1.54819,1.50,1.50
2013.05.15 15:15:17.232,1.54793,1.54825,1.73,2.63
2013.05.15 15:15:18.013,1.54793,1.54824,1.35,1.58
2013.05.15 15:15:18.133,1.54792,1.54823,2.10,1.50
2013.05.15 15:15:18.495,1.54787,1.54819,1.50,1.50
2013.05.15 15:15:21.943,1.54788,1.54819,1.43,1.88
2013.05.15 15:15:22.123,1.54788,1.54819,2.18,1.88
2013.05.15 15:15:22.242,1.54788,1.5482,2.93,1.50
2013.05.15 15:15:23.204,1.54791,1.5482,2.18,1.50
2013.05.15 15:15:23.263,1.54791,1.5482,2.18,1.50
2013.05.15 15:15:24.334,1.54794,1.5482,1.73,1.50
2013.05.15 15:15:25.273,1.54796,1.54824,1.13,1.50
2013.05.15 15:15:25.622,1.54796,1.54826,1.13,1.50
2013.05.15 15:15:25.993,1.54794,1.54824,2.10,1.77
2013.05.15 15:15:26.052,1.54794,1.54825,1.92,1.77
2013.05.15 15:15:26.113,1.54792,1.54825,1.28,1.77
2013.05.15 15:15:26.173,1.54792,1.54824,1.28,1.50
2013.05.15 15:15:26.723,1.54788,1.5482,2.07,2.48
2013.05.15 15:15:27.873,1.54788,1.5482,2.07,1.80
2013.05.15 15:15:27.993,1.5479,1.54817,1.13,1.58
2013.05.15 15:15:28.113,1.54787,1.54816,1.13,1.13
2013.05.15 15:15:28.294,1.54784,1.54812,1.13,1.50
2013.05.15 15:15:28.474,1.54782,1.54809,1.13,1.50
2013.05.15 15:15:28.883,1.5478,1.54809,1.13,1.50
2013.05.15 15:15:29.064,1.5478,1.54809,1.32,1.50
2013.05.15 15:15:30.153,1.5478,1.54809,1.32,1.13
2013.05.15 15:15:34.695,1.54781,1.54809,1.58,1.13
2013.05.15 15:15:34.813,1.54781,1.54809,1.69,1.13
2013.05.15 15:15:36.172,1.54786,1.54811,1.58,1.73
2013.05.15 15:15:36.293,1.54787,1.54814,1.13,1.50
2013.05.15 15:15:36.473,1.54783,1.54816,2.93,1.50
2013.05.15 15:15:36.532,1.54783,1.54816,2.18,1.13
2013.05.15 15:15:37.080,1.54783,1.54816,2.93,1.13
2013.05.15 15:15:42.205,1.54786,1.54817,1.13,2.07
2013.05.15 15:15:43.873,1.54783,1.54815,1.35,1.13
2013.05.15 15:15:43.993,1.5478,1.54808,1.77,1.13
2013.05.15 15:15:44.553,1.54782,1.54814,1.13,1.58
2013.05.15 15:15:46.819,1.54783,1.54814,1.13,1.02
2013.05.15 15:15:46.885,1.54786,1.54814,1.50,1.02
2013.05.15 15:15:46.944,1.54786,1.54817,1.50,1.02
2013.05.15 15:15:47.483,1.54786,1.54817,1.88,2.07
2013.05.15 15:15:48.114,1.5479,1.54817,1.13,2.07
2013.05.15 15:15:48.424,1.54793,1.54818,2.07,1.50
2013.05.15 15:15:48.483,1.54793,1.54819,2.14,1.88
2013.05.15 15:15:48.963,1.54797,1.54823,1.13,1.69
2013.05.15 15:15:50.203,1.54797,1.54824,1.50,1.50
2013.05.15 15:15:50.923,1.54797,1.54828,1.13,2.63
2013.05.15 15:15:51.383,1.54796,1.54825,1.50,2.07
2013.05.15 15:15:51.742,1.54797,1.54829,1.13,2.63
2013.05.15 15:15:51.990,1.54799,1.54828,1.13,1.13
2013.05.15 15:15:52.512,1.54797,1.54829,1.69,2.44
2013.05.15 15:15:52.823,1.54791,1.5482,1.69,1.13
2013.05.15 15:15:53.183,1.54792,1.54819,1.13,1.50
2013.05.15 15:15:53.302,1.54791,1.54819,2.25,1.13
2013.05.15 15:15:53.544,1.54787,1.54818,1.69,1.13
2013.05.15 15:15:53.784,1.54786,1.54815,1.69,1.13
2013.05.15 15:15:55.423,1.54786,1.54818,1.13,1.13
2013.05.15 15:15:56.033,1.54786,1.54815,1.13,1.50
2013.05.15 15:15:56.286,1.54786,1.54815,1.13,1.50
2013.05.15 15:15:56.993,1.54786,1.54815,1.13,1.50
2013.05.15 15:15:57.113,1.54785,1.54816,2.67,1.69
2013.05.15 15:15:57.238,1.54787,1.54816,1.73,1.69
2013.05.15 15:15:57.435,1.54789,1.54818,1.73,1.32
2013.05.15 15:15:57.498,1.54792,1.54818,1.73,1.32
2013.05.15 15:15:57.683,1.54794,1.54824,1.92,1.69
2013.05.15 15:15:57.742,1.54794,1.54824,1.92,1.50
2013.05.15 15:15:57.984,1.54792,1.54824,1.92,1.50
2013.05.15 15:15:58.103,1.54792,1.54824,1.92,1.50
2013.05.15 15:15:58.654,1.54794,1.54823,1.73,1.50
2013.05.15 15:15:59.263,1.54797,1.54827,1.13,1.50
2013.05.15 15:16:01.183,1.54803,1.54828,1.09,1.50
2013.05.15 15:16:01.663,1.54806,1.54835,1.80,1.69
2013.05.15 15:16:04.663,1.54804,1.54834,1.92,1.13
2013.05.15 15:16:05.163,1.54805,1.54835,1.99,1.69
2013.05.15 15:16:06.412,1.54807,1.54839,1.80,1.69
2013.05.15 15:16:06.892,1.54807,1.54838,1.80,1.69
2013.05.15 15:16:07.933,1.54805,1.54835,1.80,1.50
2013.05.15 15:16:08.292,1.54807,1.54834,1.13,1.69
2013.05.15 15:16:09.614,1.54806,1.54831,1.13,1.50
2013.05.15 15:16:10.244,1.54804,1.5483,1.92,1.13
2013.05.15 15:16:12.996,1.54804,1.54829,1.17,1.13
2013.05.15 15:16:13.124,1.54806,1.54836,2.10,1.69
2013.05.15 15:16:13.184,1.54806,1.54836,2.10,1.69
2013.05.15 15:16:13.713,1.54806,1.54835,2.10,1.69
2013.05.15 15:16:14.744,1.54806,1.54835,1.13,1.69
2013.05.15 15:16:15.854,1.54806,1.54835,1.13,1.69
2013.05.15 15:16:16.596,1.54806,1.54837,1.50,1.13
2013.05.15 15:16:16.763,1.54806,1.54837,1.13,1.13
2013.05.15 15:16:22.594,1.54808,1.54837,1.20,1.32
2013.05.15 15:16:22.713,1.54811,1.54839,1.13,1.69
2013.05.15 15:16:24.585,1.54807,1.54839,1.13,1.88
2013.05.15 15:16:25.296,1.54807,1.54836,1.13,1.13
2013.05.15 15:16:26.939,1.5481,1.54839,1.09,1.69
2013.05.15 15:16:27.063,1.54811,1.54839,1.13,1.69
2013.05.15 15:16:27.375,1.5481,1.54839,1.17,2.07
2013.05.15 15:16:27.732,1.54816,1.54839,1.13,1.50
2013.05.15 15:16:28.403,1.54816,1.54843,1.13,1.50
2013.05.15 15:16:28.464,1.54815,1.54846,2.44,1.69
2013.05.15 15:16:29.015,1.5482,1.54852,1.92,1.50
2013.05.15 15:16:29.133,1.54821,1.54855,1.17,1.69
2013.05.15 15:16:29.464,1.54821,1.54854,1.17,1.69
2013.05.15 15:16:29.663,1.54821,1.54854,1.17,1.69
2013.05.15 15:16:29.902,1.54821,1.54854,1.92,2.44
2013.05.15 15:16:30.123,1.54821,1.54854,1.92,1.69
2013.05.15 15:16:33.726,1.54827,1.5486,2.25,2.29
2013.05.15 15:16:34.033,1.54833,1.54861,1.13,2.10
2013.05.15 15:16:34.094,1.54829,1.5486,1.50,1.13
2013.05.15 15:16:34.394,1.54829,1.54859,1.32,1.50
2013.05.15 15:16:35.142,1.54833,1.54859,1.32,1.50
2013.05.15 15:16:35.442,1.54835,1.54859,1.13,1.50
2013.05.15 15:16:36.713,1.54836,1.5486,1.13,1.13
2013.05.15 15:16:37.684,1.54835,1.5486,1.13,1.50
2013.05.15 15:16:38.253,1.54833,1.54861,1.32,1.88
2013.05.15 15:16:39.330,1.54835,1.5486,1.13,1.13
2013.05.15 15:16:39.814,1.54831,1.5486,1.50,1.13
2013.05.15 15:16:40.292,1.54835,1.54861,1.13,1.50
2013.05.15 15:16:43.334,1.54842,1.54865,1.13,1.50
2013.05.15 15:16:45.142,1.54836,1.54864,1.13,1.50
2013.05.15 15:16:47.883,1.54826,1.54858,1.32,1.13
2013.05.15 15:16:47.943,1.54826,1.54854,1.32,1.13
2013.05.15 15:16:48.004,1.54826,1.54854,1.32,1.88
2013.05.15 15:16:48.123,1.54826,1.5485,1.32,1.13
2013.05.15 15:16:48.665,1.54821,1.54848,1.13,1.13
2013.05.15 15:16:50.462,1.54818,1.54848,1.35,1.13
2013.05.15 15:16:50.782,1.54821,1.54848,1.13,1.13
2013.05.15 15:16:51.162,1.54816,1.54848,1.13,1.13
2013.05.15 15:16:51.863,1.54821,1.54849,1.20,1.13
2013.05.15 15:16:52.052,1.54821,1.54849,1.13,1.50
2013.05.15 15:16:52.174,1.5482,1.54849,1.17,1.13
2013.05.15 15:16:52.812,1.5482,1.54848,1.17,1.13
2013.05.15 15:16:52.886,1.5482,1.54848,1.17,1.13
2013.05.15 15:16:53.173,1.54817,1.54848,1.17,1.13
2013.05.15 15:16:53.483,1.54812,1.54835,2.67,1.13
2013.05.15 15:16:53.603,1.54812,1.54838,3.75,1.13
2013.05.15 15:16:53.663,1.54812,1.54842,3.75,1.50
2013.05.15 15:16:56.354,1.54815,1.54848,1.69,2.89
2013.05.15 15:16:56.415,1.54809,1.54844,1.92,1.13
2013.05.15 15:16:56.545,1.54811,1.54838,1.50,1.13
2013.05.15 15:16:57.084,1.54806,1.54839,1.50,1.50
2013.05.15 15:17:00.964,1.54807,1.54841,1.73,3.45
2013.05.15 15:17:01.203,1.54808,1.54841,1.73,3.38
2013.05.15 15:17:02.233,1.54808,1.54841,1.73,1.69
2013.05.15 15:17:02.594,1.54808,1.5484,1.73,1.69
2013.05.15 15:17:04.373,1.54811,1.54842,1.50,2.07
2013.05.15 15:17:06.942,1.54809,1.54841,1.69,1.69
2013.05.15 15:17:09.396,1.54809,1.54839,1.69,1.73
2013.05.15 15:17:10.043,1.54808,1.54838,1.69,1.50
2013.05.15 15:17:10.404,1.54802,1.54829,1.13,1.50
2013.05.15 15:17:10.523,1.54802,1.54836,1.50,1.92
2013.05.15 15:17:11.224,1.54802,1.54835,1.84,1.13
2013.05.15 15:17:11.884,1.54802,1.54835,1.84,1.13
2013.05.15 15:17:12.703,1.54802,1.54836,1.84,1.88
2013.05.15 15:17:13.039,1.54802,1.54836,1.84,1.88
2013.05.15 15:17:14.653,1.54806,1.54836,1.50,1.13
2013.05.15 15:17:17.355,1.54816,1.5484,1.84,1.20
2013.05.15 15:17:17.954,1.54817,1.5484,1.09,1.32
2013.05.15 15:17:18.075,1.54817,1.5484,1.09,1.32
2013.05.15 15:17:18.725,1.54817,1.54839,1.09,1.13
2013.05.15 15:17:20.903,1.54817,1.54838,1.09,1.13
2013.05.15 15:17:23.188,1.54816,1.5484,1.50,1.13
2013.05.15 15:17:24.483,1.54816,1.54844,1.92,1.88
2013.05.15 15:17:24.803,1.54816,1.5485,1.17,2.07
2013.05.15 15:17:26.274,1.54819,1.5485,1.84,2.07
2013.05.15 15:17:27.523,1.54823,1.5485,1.50,2.07
2013.05.15 15:17:27.584,1.54823,1.5485,1.50,2.07
2013.05.15 15:17:28.598,1.54823,1.54855,1.50,2.44
2013.05.15 15:17:28.724,1.54823,1.54853,1.73,1.69
2013.05.15 15:17:28.843,1.54823,1.54845,1.73,1.13
2013.05.15 15:17:28.964,1.54824,1.5485,1.50,1.88
2013.05.15 15:17:29.305,1.54828,1.54857,1.50,1.39
2013.05.15 15:17:29.834,1.54828,1.54856,1.50,1.32
2013.05.15 15:17:29.986,1.54828,1.54856,1.50,1.32
2013.05.15 15:17:30.148,1.54828,1.54856,1.50,1.32
2013.05.15 15:17:30.651,1.54828,1.54864,1.50,2.07
2013.05.15 15:17:30.952,1.54833,1.54861,1.50,1.69
2013.05.15 15:17:31.253,1.54828,1.54861,1.50,1.69
2013.05.15 15:17:31.792,1.54828,1.54856,1.50,1.50
2013.05.15 15:17:32.333,1.54827,1.54856,1.50,1.50
2013.05.15 15:17:35.464,1.5483,1.54861,1.50,1.69
2013.05.15 15:17:35.894,1.54831,1.54861,1.50,1.69
2013.05.15 15:17:37.270,1.54835,1.54866,1.50,1.69
2013.05.15 15:17:37.395,1.54835,1.54866,1.50,1.69
2013.05.15 15:17:37.636,1.54835,1.54866,1.50,2.48
2013.05.15 15:17:38.615,1.54835,1.54866,1.50,1.50
2013.05.15 15:17:39.214,1.54835,1.54865,1.50,1.73
2013.05.15 15:17:40.302,1.54835,1.54866,1.50,1.69
2013.05.15 15:17:40.362,1.54835,1.54866,1.50,2.03
2013.05.15 15:17:40.483,1.54831,1.54859,1.69,1.58
2013.05.15 15:17:40.665,1.54827,1.54857,1.69,1.58
2013.05.15 15:17:40.965,1.54823,1.54849,1.69,1.58
2013.05.15 15:17:41.083,1.5482,1.54849,1.32,1.58
2013.05.15 15:17:41.424,1.54819,1.54849,1.69,1.58
2013.05.15 15:17:41.963,1.54814,1.54848,2.67,1.58
2013.05.15 15:17:42.413,1.54814,1.54847,2.67,1.58
2013.05.15 15:17:42.923,1.54814,1.54847,1.69,1.50
2013.05.15 15:17:43.223,1.54814,1.54847,1.13,1.50
2013.05.15 15:17:43.654,1.54814,1.54842,1.13,1.50
2013.05.15 15:17:43.835,1.5481,1.54842,1.69,1.50
2013.05.15 15:17:44.374,1.54807,1.54834,1.50,1.50
2013.05.15 15:17:44.499,1.54807,1.54831,1.50,1.17
2013.05.15 15:17:45.212,1.54816,1.5484,1.13,1.58
2013.05.15 15:17:45.403,1.54815,1.5484,1.73,1.50
2013.05.15 15:17:45.464,1.54815,1.54839,1.50,1.50
2013.05.15 15:17:45.823,1.54815,1.54847,1.13,1.77
2013.05.15 15:17:46.183,1.54816,1.54848,1.13,2.44
2013.05.15 15:17:46.302,1.54815,1.54847,1.92,2.52
2013.05.15 15:17:46.483,1.54819,1.54851,1.88,1.13
2013.05.15 15:17:46.543,1.54821,1.54853,1.13,1.69
2013.05.15 15:17:46.604,1.54819,1.54851,1.32,1.50
2013.05.15 15:17:46.905,1.54822,1.54855,2.10,1.69
2013.05.15 15:17:47.444,1.54822,1.54853,1.95,1.13
2013.05.15 15:17:47.863,1.54821,1.5485,2.10,1.50
2013.05.15 15:17:48.451,1.5482,1.5485,1.35,1.50
2013.05.15 15:17:48.574,1.54821,1.5485,1.13,1.50
2013.05.15 15:17:49.113,1.54837,1.5485,1.50,1.50
2013.05.15 15:17:49.584,1.54838,1.54851,1.50,1.50
2013.05.15 15:17:49.705,1.54838,1.54853,1.50,1.50
2013.05.15 15:17:50.184,1.54838,1.54854,1.50,3.27
2013.05.15 15:17:50.893,1.54838,1.54854,1.50,1.02
2013.05.15 15:17:51.394,1.54837,1.54854,1.50,1.02
2013.05.15 15:17:51.942,1.54837,1.54854,1.50,1.02
2013.05.15 15:17:52.895,1.54837,1.54855,1.50,2.33
2013.05.15 15:17:52.969,1.54837,1.54855,1.50,1.58
2013.05.15 15:17:53.745,1.54837,1.54855,1.50,1.58
2013.05.15 15:17:53.802,1.54837,1.54855,1.50,1.58
2013.05.15 15:17:54.163,1.54837,1.54856,1.50,1.77
2013.05.15 15:17:54.594,1.54837,1.54855,1.50,1.58
2013.05.15 15:17:55.587,1.54837,1.54855,1.50,1.58
2013.05.15 15:17:56.094,1.54837,1.54855,1.50,2.52
2013.05.15 15:17:56.704,1.54837,1.54855,1.35,2.52
2013.05.15 15:17:57.223,1.54832,1.54855,1.13,2.52
2013.05.15 15:17:57.891,1.54837,1.54855,1.35,2.52
2013.05.15 15:18:00.863,1.54837,1.54859,1.35,1.02
2013.05.15 15:18:01.413,1.54826,1.54859,1.13,1.02
2013.05.15 15:18:01.832,1.54826,1.5486,1.50,1.02
2013.05.15 15:18:02.774,1.54828,1.54859,1.13,1.02
2013.05.15 15:18:03.453,1.54831,1.54859,1.13,1.02
2013.05.15 15:18:08.623,1.54837,1.54863,1.13,1.35
2013.05.15 15:18:08.863,1.54838,1.54863,1.50,1.13
2013.05.15 15:18:09.164,1.54842,1.54866,1.50,1.69
2013.05.15 15:18:09.283,1.54847,1.54873,1.50,2.44
2013.05.15 15:18:09.344,1.54847,1.54873,1.50,1.69
2013.05.15 15:18:09.705,1.54851,1.54879,1.50,1.69
2013.05.15 15:18:09.764,1.54851,1.54884,1.13,1.88
2013.05.15 15:18:10.573,1.54852,1.54887,1.13,1.39
2013.05.15 15:18:10.943,1.54858,1.5489,1.13,1.69
2013.05.15 15:18:11.423,1.54865,1.54892,1.13,2.07
2013.05.15 15:18:11.904,1.54862,1.54888,1.13,1.50
2013.05.15 15:18:12.513,1.54862,1.54893,1.13,1.69
2013.05.15 15:18:12.933,1.54862,1.54895,2.25,1.58
2013.05.15 15:18:13.254,1.54865,1.54899,1.50,2.63
2013.05.15 15:18:13.376,1.54871,1.54899,1.13,2.63
2013.05.15 15:18:14.042,1.54871,1.549,1.13,1.50
2013.05.15 15:18:15.404,1.54867,1.549,1.50,1.50
2013.05.15 15:18:15.705,1.54867,1.549,1.13,1.20
2013.05.15 15:18:17.133,1.54867,1.54893,1.50,1.50
2013.05.15 15:18:21.564,1.54866,1.54892,1.50,1.50
2013.05.15 15:18:21.688,1.54866,1.54894,1.13,1.50
2013.05.15 15:18:21.995,1.54862,1.54895,1.02,1.88
2013.05.15 15:18:23.533,1.54862,1.54893,1.99,1.50
2013.05.15 15:18:23.606,1.54862,1.54889,1.17,1.50
2013.05.15 15:18:23.916,1.54857,1.54889,1.02,1.13
2013.05.15 15:18:24.033,1.54862,1.54891,1.32,1.88
2013.05.15 15:18:24.094,1.54858,1.54891,1.69,1.88
2013.05.15 15:18:24.395,1.54857,1.54888,1.39,1.50
2013.05.15 15:18:24.632,1.54857,1.54889,1.13,1.69
2013.05.15 15:18:25.613,1.54852,1.54885,1.20,1.50
2013.05.15 15:18:25.972,1.54847,1.54879,3.34,1.88
2013.05.15 15:18:26.105,1.54847,1.54876,3.15,1.50
2013.05.15 15:18:26.435,1.54847,1.54878,1.47,1.50
2013.05.15 15:18:26.999,1.54847,1.54876,1.47,1.50
2013.05.15 15:18:27.302,1.54842,1.54875,1.39,1.13
2013.05.15 15:18:27.654,1.54844,1.54875,1.20,1.88
2013.05.15 15:18:28.235,1.54845,1.54878,1.69,1.58
2013.05.15 15:18:28.536,1.5485,1.54881,1.13,2.07
2013.05.15 15:18:28.652,1.54851,1.54881,1.13,1.69
2013.05.15 15:18:29.193,1.54847,1.54881,2.25,2.44
2013.05.15 15:18:29.253,1.54847,1.54881,1.88,2.44
2013.05.15 15:18:29.793,1.54847,1.54877,1.20,1.73
2013.05.15 15:18:30.246,1.54847,1.54876,1.20,1.69
2013.05.15 15:18:30.604,1.54847,1.54879,1.20,2.07
2013.05.15 15:18:32.499,1.54847,1.54867,1.50,1.69
2013.05.15 15:18:32.924,1.54842,1.54869,3.24,1.20
2013.05.15 15:18:33.103,1.54842,1.54868,3.61,1.50
2013.05.15 15:18:33.553,1.54842,1.54868,2.86,1.50
2013.05.15 15:18:33.974,1.54841,1.5487,1.50,1.95
2013.05.15 15:18:34.034,1.54846,1.54869,1.50,1.20
2013.05.15 15:18:34.454,1.54847,1.54878,1.50,1.95
2013.05.15 15:18:34.695,1.54847,1.54878,1.50,1.50
2013.05.15 15:18:35.214,1.54853,1.54879,2.16,1.69
2013.05.15 15:18:35.334,1.54854,1.54881,1.13,1.69
2013.05.15 15:18:35.513,1.54854,1.54881,1.13,2.48
2013.05.15 15:18:35.754,1.54851,1.54878,1.58,1.13
2013.05.15 15:18:36.280,1.54851,1.54876,1.50,1.50
2013.05.15 15:18:37.572,1.5485,1.54876,1.50,1.50
2013.05.15 15:18:39.393,1.54846,1.54875,1.13,1.58
2013.05.15 15:18:39.573,1.54844,1.54874,2.07,1.13
2013.05.15 15:18:39.693,1.54842,1.54872,1.32,1.50
2013.05.15 15:18:40.013,1.54842,1.54869,1.50,1.13
2013.05.15 15:18:40.205,1.54841,1.54869,1.50,1.13
2013.05.15 15:18:40.923,1.54841,1.54869,1.50,1.13
2013.05.15 15:18:41.489,1.54841,1.5487,1.50,1.13
2013.05.15 15:18:42.944,1.54841,1.54872,1.50,1.69
2013.05.15 15:18:43.353,1.54843,1.54872,1.09,1.69
2013.05.15 15:18:43.413,1.54843,1.54874,1.17,1.13
2013.05.15 15:18:44.423,1.54849,1.54874,2.22,1.13
2013.05.15 15:18:45.413,1.54847,1.54874,2.52,1.13
2013.05.15 15:18:45.953,1.5485,1.54874,1.05,1.13
2013.05.15 15:18:46.423,1.54852,1.54878,1.73,1.13
2013.05.15 15:18:46.484,1.54856,1.54883,1.05,1.32
2013.05.15 15:18:46.604,1.54855,1.54885,1.05,2.07
2013.05.15 15:18:47.584,1.54855,1.54885,1.05,1.13
2013.05.15 15:18:47.883,1.54856,1.54885,1.73,1.13
2013.05.15 15:18:48.853,1.54856,1.54885,1.73,1.13
2013.05.15 15:18:49.215,1.54855,1.54878,1.50,1.13
2013.05.15 15:18:49.335,1.54851,1.54874,1.50,1.13
2013.05.15 15:18:49.397,1.5485,1.54881,1.77,2.44
2013.05.15 15:18:49.464,1.5485,1.54881,2.14,1.69
2013.05.15 15:18:49.524,1.54854,1.54885,1.50,1.50
2013.05.15 15:18:50.374,1.54854,1.54885,2.48,1.13
2013.05.15 15:18:51.785,1.54857,1.54889,1.58,1.65
2013.05.15 15:18:52.134,1.54859,1.54889,1.13,1.17
2013.05.15 15:18:52.193,1.5486,1.54889,1.13,1.17
2013.05.15 15:18:53.364,1.54857,1.54893,1.47,2.70
2013.05.15 15:18:53.934,1.54855,1.54886,1.50,1.13
2013.05.15 15:18:54.373,1.54855,1.54887,1.50,1.13
2013.05.15 15:18:54.497,1.54855,1.54889,1.50,1.02
2013.05.15 15:18:54.642,1.54855,1.54888,1.50,1.02
2013.05.15 15:18:55.318,1.54853,1.54886,1.13,1.50
2013.05.15 15:18:55.743,1.54857,1.54885,2.25,1.69
2013.05.15 15:18:55.923,1.54857,1.54886,1.50,1.50
2013.05.15 15:18:55.983,1.54857,1.54887,1.13,1.50
2013.05.15 15:18:58.104,1.54855,1.54883,1.88,1.13
2013.05.15 15:18:58.164,1.54852,1.54878,2.82,1.69
2013.05.15 15:18:58.223,1.54852,1.54878,2.07,1.69
2013.05.15 15:18:58.404,1.54849,1.54876,1.69,1.13
2013.05.15 15:18:58.463,1.54846,1.54876,1.50,1.13
2013.05.15 15:18:58.583,1.54844,1.54879,1.69,1.50
2013.05.15 15:18:58.643,1.54844,1.54879,1.69,1.50
2013.05.15 15:18:59.145,1.54841,1.54873,1.50,1.50
2013.05.15 15:18:59.205,1.5484,1.54872,2.48,1.50
2013.05.15 15:18:59.442,1.54842,1.54873,1.73,1.50
2013.05.15 15:18:59.873,1.54842,1.54875,1.88,1.50
2013.05.15 15:19:00.213,1.5484,1.54868,1.50,1.50
2013.05.15 15:19:01.243,1.54842,1.54869,1.17,1.50
2013.05.15 15:19:01.548,1.5484,1.54869,1.54,1.50
2013.05.15 15:19:02.064,1.54842,1.54869,1.54,1.50
2013.05.15 15:19:02.373,1.54842,1.54863,1.54,1.88
2013.05.15 15:19:02.556,1.54843,1.54868,1.92,1.50
2013.05.15 15:19:03.203,1.54842,1.54866,1.92,1.95
2013.05.15 15:19:03.443,1.54836,1.54866,1.92,1.20
2013.05.15 15:19:03.683,1.54838,1.54867,1.17,1.50
2013.05.15 15:19:04.458,1.54841,1.54868,1.54,1.50
2013.05.15 15:19:05.273,1.54841,1.54868,1.54,1.50
2013.05.15 15:19:05.834,1.54841,1.54867,1.54,1.13
2013.05.15 15:19:09.024,1.5484,1.54867,1.95,1.50
2013.05.15 15:19:09.406,1.54844,1.54861,1.17,1.50
2013.05.15 15:19:09.714,1.54838,1.54859,1.92,1.13
2013.05.15 15:19:10.133,1.54844,1.54861,1.17,1.69
2013.05.15 15:19:10.373,1.54844,1.54868,1.54,1.50
2013.05.15 15:19:10.913,1.54845,1.54873,1.50,1.50
2013.05.15 15:19:13.903,1.54843,1.54868,1.62,1.50
2013.05.15 15:19:14.144,1.54842,1.54867,1.54,2.25
2013.05.15 15:19:14.585,1.54837,1.54867,1.92,2.25
2013.05.15 15:19:14.706,1.54841,1.54867,1.54,2.25
2013.05.15 15:19:15.417,1.54841,1.54867,1.54,2.25
2013.05.15 15:19:16.364,1.54843,1.54869,1.54,1.13
2013.05.15 15:19:16.543,1.54844,1.5487,1.13,1.88
2013.05.15 15:19:17.563,1.5485,1.54875,1.13,1.02
2013.05.15 15:19:18.163,1.54849,1.54879,1.88,1.32
2013.05.15 15:19:18.464,1.54856,1.54883,2.48,1.50
2013.05.15 15:19:18.643,1.54859,1.54885,1.73,2.07
2013.05.15 15:19:19.003,1.54861,1.54885,1.73,2.07
2013.05.15 15:19:19.184,1.5486,1.54885,1.50,2.07
2013.05.15 15:19:19.773,1.5486,1.54885,1.50,1.13
2013.05.15 15:19:19.896,1.5486,1.54885,1.50,1.88
2013.05.15 15:19:20.413,1.5486,1.54885,1.50,1.88
2013.05.15 15:19:21.286,1.54858,1.54885,1.73,1.88
2013.05.15 15:19:21.523,1.54857,1.54878,1.73,1.13
2013.05.15 15:19:21.851,1.54857,1.54885,1.73,1.50
2013.05.15 15:19:21.916,1.54856,1.54885,1.73,1.50
