2011.04.21 16:00:00.528,1.57699,1.57747,1.35,1.34
2011.04.21 16:00:00.638,1.57699,1.57741,1.35,1.13
2011.04.21 16:00:00.749,1.57697,1.57741,1.35,1.38
2011.04.21 16:00:01.315,1.57692,1.57745,1.69,2.69
2011.04.21 16:00:01.649,1.57692,1.57741,2.44,1.38
2011.04.21 16:00:02.669,1.57692,1.57745,2.44,1.94
2011.04.21 16:00:02.777,1.57692,1.57745,2.44,1.69
2011.04.21 16:00:02.887,1.57692,1.57743,2.44,1.35
2011.04.21 16:00:04.667,1.57694,1.57745,1.69,1.69
2011.04.21 16:00:06.321,1.57704,1.57752,1.84,3.10
2011.04.21 16:00:06.538,1.57698,1.57745,1.09,1.35
2011.04.21 16:00:07.133,1.57698,1.57746,1.09,1.35
2011.04.21 16:00:07.243,1.57703,1.57746,1.84,1.35
2011.04.21 16:00:07.349,1.57703,1.57752,1.84,2.73
2011.04.21 16:00:07.898,1.57703,1.57754,3.19,1.98
2011.04.21 16:00:08.338,1.57703,1.57749,1.84,1.35
2011.04.21 16:00:08.448,1.57703,1.57755,1.84,2.44
2011.04.21 16:00:09.277,1.57715,1.57756,1.84,1.09
2011.04.21 16:00:09.988,1.57708,1.57755,3.19,1.84
2011.04.21 16:00:11.380,1.57708,1.57748,1.84,1.35
2011.04.21 16:00:12.017,1.57708,1.57751,1.84,2.07
2011.04.21 16:00:12.133,1.57712,1.57766,3.19,3.57
2011.04.21 16:00:12.458,1.57705,1.57758,2.59,1.35
2011.04.21 16:00:12.678,1.57712,1.57766,1.69,1.98
2011.04.21 16:00:14.388,1.57712,1.57766,1.69,2.48
2011.04.21 16:00:14.717,1.57706,1.57758,1.47,1.35
2011.04.21 16:00:14.827,1.57712,1.57766,1.69,2.10
2011.04.21 16:00:14.938,1.57712,1.57766,1.69,1.35
2011.04.21 16:00:15.378,1.57714,1.57767,1.69,1.98
2011.04.21 16:00:15.710,1.57716,1.57767,1.69,2.73
2011.04.21 16:00:16.257,1.57716,1.57767,1.69,1.60
2011.04.21 16:00:16.369,1.57716,1.57767,1.69,2.10
2011.04.21 16:00:17.748,1.57707,1.57759,2.10,1.35
2011.04.21 16:00:18.189,1.57707,1.57759,2.85,1.35
2011.04.21 16:00:18.298,1.57707,1.57753,1.50,1.35
2011.04.21 16:00:18.957,1.57704,1.57753,1.09,1.35
2011.04.21 16:00:19.398,1.57704,1.57749,1.09,1.35
2011.04.21 16:00:19.728,1.57708,1.57754,1.84,1.35
2011.04.21 16:00:19.837,1.57708,1.57759,1.84,1.98
2011.04.21 16:00:20.277,1.57708,1.57751,1.84,1.35
2011.04.21 16:00:21.938,1.57708,1.57759,1.84,1.35
2011.04.21 16:00:23.517,1.57708,1.57757,1.84,1.35
2011.04.21 16:00:24.066,1.57708,1.57758,3.19,1.35
2011.04.21 16:00:25.686,1.57708,1.57752,1.84,1.35
2011.04.21 16:00:26.348,1.57708,1.57748,1.84,1.35
2011.04.21 16:00:29.449,1.57714,1.57764,1.69,1.69
2011.04.21 16:00:29.888,1.57708,1.57757,1.84,1.35
2011.04.21 16:00:30.217,1.57704,1.57757,1.35,1.35
2011.04.21 16:00:30.548,1.57698,1.5774,1.09,1.35
2011.04.21 16:00:30.657,1.57698,1.57744,1.09,1.35
2011.04.21 16:00:31.256,1.57698,1.57743,1.09,1.35
2011.04.21 16:00:32.128,1.57696,1.57743,1.84,1.35
2011.04.21 16:00:32.347,1.57702,1.57751,1.09,2.13
2011.04.21 16:00:33.029,1.57702,1.57752,1.09,2.73
2011.04.21 16:00:33.141,1.57696,1.57746,2.44,1.34
2011.04.21 16:00:34.458,1.57698,1.57746,1.69,1.34
2011.04.21 16:00:37.767,1.57697,1.57746,2.44,2.84
2011.04.21 16:00:38.097,1.57706,1.57746,1.84,2.50
2011.04.21 16:00:38.717,1.57706,1.57747,1.84,1.71
2011.04.21 16:00:39.266,1.57706,1.57747,1.84,1.71
2011.04.21 16:00:40.027,1.577,1.57747,1.69,3.21
2011.04.21 16:00:41.988,1.57695,1.57745,1.69,2.35
2011.04.21 16:00:42.208,1.57693,1.57747,1.09,2.09
2011.04.21 16:00:42.538,1.57693,1.57745,1.09,1.60
2011.04.21 16:00:42.757,1.57694,1.57745,1.09,1.98
2011.04.21 16:00:43.260,1.57707,1.57745,1.84,1.98
2011.04.21 16:00:47.866,1.57707,1.57743,1.84,1.35
2011.04.21 16:00:48.527,1.57707,1.57744,1.84,1.35
2011.04.21 16:00:50.607,1.57707,1.57753,1.84,1.35
2011.04.21 16:00:51.677,1.57707,1.57744,1.84,1.35
2011.04.21 16:00:52.008,1.57707,1.57736,1.84,1.35
2011.04.21 16:00:52.229,1.57715,1.57762,1.84,1.35
2011.04.21 16:00:54.246,1.57716,1.57766,1.69,2.44
2011.04.21 16:00:57.252,1.57716,1.57766,1.69,2.69
2011.04.21 16:00:57.758,1.57716,1.57766,1.69,3.44
2011.04.21 16:00:58.343,1.57716,1.57766,1.69,3.06
2011.04.21 16:00:59.113,1.57716,1.57766,1.69,2.69
2011.04.21 16:00:59.533,1.57725,1.57766,1.84,2.10
2011.04.21 16:01:00.619,1.57725,1.57766,1.84,2.85
2011.04.21 16:01:00.839,1.57716,1.57764,1.69,2.84
2011.04.21 16:01:01.057,1.57707,1.57757,1.69,1.38
2011.04.21 16:01:01.278,1.57707,1.57757,1.69,1.38
2011.04.21 16:01:01.607,1.57699,1.57751,1.84,1.35
2011.04.21 16:01:04.199,1.57699,1.57751,1.84,2.10
2011.04.21 16:01:04.417,1.57699,1.57751,1.84,1.35
2011.04.21 16:01:04.748,1.57698,1.57751,1.69,1.35
2011.04.21 16:01:04.859,1.57693,1.57744,2.44,1.35
2011.04.21 16:01:05.408,1.57697,1.57748,1.69,1.35
2011.04.21 16:01:05.919,1.57699,1.5775,1.35,1.35
2011.04.21 16:01:07.028,1.57699,1.5775,1.35,2.10
2011.04.21 16:01:07.358,1.57693,1.5774,1.09,1.35
2011.04.21 16:01:08.577,1.57691,1.5774,1.09,1.69
2011.04.21 16:01:09.020,1.57688,1.5774,1.69,2.31
2011.04.21 16:01:15.517,1.57687,1.57736,1.35,2.59
2011.04.21 16:01:15.628,1.57682,1.5773,1.09,1.69
2011.04.21 16:01:16.708,1.57687,1.5773,1.84,1.69
2011.04.21 16:01:16.928,1.57681,1.5773,1.09,3.81
2011.04.21 16:01:17.699,1.57687,1.5773,1.35,2.46
2011.04.21 16:01:18.027,1.57687,1.57731,1.69,1.34
2011.04.21 16:01:18.638,1.57687,1.57733,1.69,4.34
2011.04.21 16:01:18.748,1.57677,1.5772,3.19,1.34
2011.04.21 16:01:18.968,1.57677,1.57721,1.35,1.34
2011.04.21 16:01:22.120,1.57681,1.57724,1.35,1.34
2011.04.21 16:01:24.269,1.57681,1.57727,1.35,2.13
2011.04.21 16:01:24.488,1.57676,1.57725,1.09,2.35
2011.04.21 16:01:25.036,1.57671,1.57722,1.09,1.35
2011.04.21 16:01:27.719,1.57672,1.5772,1.09,1.35
2011.04.21 16:01:28.267,1.57672,1.57721,1.09,1.35
2011.04.21 16:01:29.628,1.57671,1.57722,1.09,1.35
2011.04.21 16:01:30.197,1.57671,1.57721,2.44,1.35
2011.04.21 16:01:30.527,1.57671,1.57721,2.10,1.35
2011.04.21 16:01:35.158,1.57672,1.57722,1.35,1.35
2011.04.21 16:01:37.127,1.57665,1.57715,1.09,1.35
2011.04.21 16:01:38.460,1.57672,1.57722,2.10,1.35
2011.04.21 16:01:41.258,1.5768,1.57726,1.35,2.84
2011.04.21 16:01:41.587,1.57672,1.57722,2.10,1.35
2011.04.21 16:01:43.188,1.57679,1.57726,1.35,3.21
2011.04.21 16:01:43.407,1.57674,1.57726,1.35,3.21
2011.04.21 16:01:49.199,1.57674,1.57726,2.10,2.09
2011.04.21 16:01:49.527,1.57683,1.57727,1.35,2.13
2011.04.21 16:01:51.046,1.57683,1.57726,1.35,2.13
2011.04.21 16:01:51.811,1.57683,1.57726,1.35,2.13
2011.04.21 16:01:53.317,1.57683,1.57726,2.10,1.75
2011.04.21 16:01:53.979,1.57692,1.57731,1.84,1.38
2011.04.21 16:01:54.088,1.57692,1.57742,1.84,2.10
2011.04.21 16:01:54.309,1.57701,1.57751,1.84,1.35
2011.04.21 16:01:54.418,1.57701,1.57754,1.84,1.75
2011.04.21 16:01:55.189,1.57701,1.57754,1.84,1.38
2011.04.21 16:01:56.977,1.57701,1.57754,1.84,1.38
2011.04.21 16:01:57.537,1.57702,1.57754,1.09,1.38
2011.04.21 16:01:59.758,1.57702,1.57754,1.09,2.13
2011.04.21 16:02:00.417,1.57708,1.57754,1.69,1.38
2011.04.21 16:02:01.997,1.57708,1.57754,1.69,1.38
2011.04.21 16:02:02.715,1.57708,1.57754,1.69,1.38
2011.04.21 16:02:03.317,1.57708,1.57753,1.69,1.38
2011.04.21 16:02:08.287,1.57708,1.57753,1.69,1.50
2011.04.21 16:02:09.318,1.57708,1.57753,1.69,1.13
2011.04.21 16:02:09.539,1.57713,1.57757,1.84,1.75
2011.04.21 16:02:10.134,1.57715,1.57757,1.69,1.38
2011.04.21 16:02:10.699,1.57715,1.57757,1.35,1.75
2011.04.21 16:02:10.808,1.57708,1.57757,1.35,1.75
2011.04.21 16:02:11.248,1.57708,1.57759,1.35,1.73
2011.04.21 16:02:11.687,1.5771,1.57761,1.35,2.07
2011.04.21 16:02:11.907,1.57707,1.5776,1.35,1.73
2011.04.21 16:02:13.757,1.57707,1.57747,1.35,1.09
2011.04.21 16:02:13.868,1.57697,1.57747,1.13,1.47
2011.04.21 16:02:13.978,1.57697,1.57748,1.09,2.10
2011.04.21 16:02:14.197,1.57707,1.5776,1.35,2.82
2011.04.21 16:02:22.678,1.57705,1.57754,1.09,1.35
2011.04.21 16:02:22.789,1.57707,1.5776,2.10,2.07
2011.04.21 16:02:23.449,1.57705,1.57755,1.09,1.73
2011.04.21 16:02:23.560,1.57703,1.57755,1.09,1.98
2011.04.21 16:02:23.998,1.57702,1.57755,2.10,2.31
2011.04.21 16:02:24.108,1.57701,1.5775,1.09,1.69
2011.04.21 16:02:26.207,1.57701,1.5775,1.09,1.69
2011.04.21 16:02:28.537,1.57702,1.5775,1.13,1.69
2011.04.21 16:02:29.595,1.57702,1.5775,1.13,1.69
2011.04.21 16:02:30.657,1.57702,1.5775,1.13,1.69
2011.04.21 16:02:34.187,1.57702,1.5775,1.50,1.69
2011.04.21 16:02:34.717,1.57702,1.5775,1.50,1.69
2011.04.21 16:02:35.098,1.57702,1.5775,2.25,1.69
2011.04.21 16:02:35.427,1.57717,1.57759,1.69,1.84
2011.04.21 16:02:35.757,1.57709,1.57753,1.69,1.84
2011.04.21 16:02:36.198,1.57709,1.57759,1.35,2.07
2011.04.21 16:02:36.418,1.57707,1.57756,1.69,1.34
2011.04.21 16:02:38.008,1.57706,1.57747,1.35,1.84
2011.04.21 16:02:38.118,1.57688,1.57734,1.47,1.35
2011.04.21 16:02:38.448,1.57688,1.57739,1.09,1.69
2011.04.21 16:02:38.558,1.57691,1.57751,1.69,1.69
2011.04.21 16:02:39.748,1.57691,1.57741,1.69,1.84
2011.04.21 16:02:40.518,1.57685,1.57733,1.84,1.35
2011.04.21 16:02:41.350,1.57686,1.57717,1.09,1.35
2011.04.21 16:02:41.568,1.57681,1.57717,1.13,1.35
2011.04.21 16:02:41.788,1.57679,1.57717,1.09,1.35
2011.04.21 16:02:41.898,1.57677,1.57724,1.09,1.35
2011.04.21 16:02:42.008,1.57676,1.57724,1.50,1.35
2011.04.21 16:02:42.119,1.57679,1.57738,1.13,1.75
2011.04.21 16:02:42.448,1.57679,1.57725,1.09,1.35
2011.04.21 16:02:42.988,1.57674,1.57725,1.09,1.35
2011.04.21 16:02:44.166,1.57679,1.57725,1.47,1.35
2011.04.21 16:02:45.059,1.57673,1.57722,2.44,1.09
2011.04.21 16:02:45.168,1.57676,1.57725,1.09,1.35
2011.04.21 16:02:45.497,1.57677,1.5773,1.69,1.35
2011.04.21 16:02:45.607,1.57674,1.57724,2.07,1.35
2011.04.21 16:02:45.936,1.57683,1.57724,1.13,1.35
2011.04.21 16:02:46.469,1.57683,1.57724,1.13,1.35
2011.04.21 16:02:47.199,1.57678,1.57724,1.09,1.35
2011.04.21 16:02:47.527,1.57679,1.57717,1.47,1.35
2011.04.21 16:02:47.638,1.57674,1.57717,1.47,1.35
2011.04.21 16:02:47.858,1.57676,1.57717,1.15,1.35
2011.04.21 16:02:47.967,1.57684,1.57725,1.13,1.35
2011.04.21 16:02:48.707,1.57684,1.57716,1.13,1.35
2011.04.21 16:02:48.928,1.57679,1.57723,1.13,1.09
2011.04.21 16:02:49.039,1.57676,1.57724,1.13,1.35
2011.04.21 16:02:49.148,1.57675,1.57724,1.09,1.35
2011.04.21 16:02:50.084,1.57679,1.57724,1.13,1.35
2011.04.21 16:02:50.202,1.57689,1.57742,1.35,1.69
2011.04.21 16:02:53.698,1.57679,1.57739,3.00,1.69
2011.04.21 16:02:53.810,1.57679,1.57736,3.00,1.09
2011.04.21 16:02:54.139,1.57678,1.57725,3.00,1.35
2011.04.21 16:02:56.168,1.57679,1.57717,1.88,1.35
2011.04.21 16:02:56.891,1.57674,1.57708,1.50,1.35
2011.04.21 16:02:57.108,1.57674,1.57716,1.50,1.35
2011.04.21 16:02:57.217,1.57677,1.57716,1.13,1.35
2011.04.21 16:02:58.137,1.57678,1.57718,1.13,1.35
2011.04.21 16:02:59.257,1.57678,1.57719,1.13,1.35
2011.04.21 16:02:59.478,1.57677,1.57715,2.25,1.35
2011.04.21 16:02:59.808,1.57669,1.57723,1.09,1.69
2011.04.21 16:02:59.918,1.57671,1.57723,1.26,1.69
2011.04.21 16:03:00.776,1.57675,1.57723,1.13,1.69
2011.04.21 16:03:01.286,1.57675,1.5772,2.25,1.35
2011.04.21 16:03:01.618,1.57679,1.57724,2.25,1.69
2011.04.21 16:03:02.757,1.57678,1.57725,3.38,1.69
2011.04.21 16:03:03.529,1.57679,1.57724,2.25,1.69
2011.04.21 16:03:03.859,1.57682,1.57732,1.35,1.34
2011.04.21 16:03:06.127,1.5768,1.57731,1.35,1.34
2011.04.21 16:03:06.676,1.5768,1.57732,2.10,1.34
2011.04.21 16:03:07.461,1.57682,1.57731,1.69,1.34
2011.04.21 16:03:08.478,1.57688,1.57733,1.84,2.35
2011.04.21 16:03:08.808,1.57697,1.57742,1.35,1.84
2011.04.21 16:03:08.917,1.57689,1.57736,1.69,1.09
2011.04.21 16:03:09.030,1.57689,1.57732,1.35,1.84
2011.04.21 16:03:09.247,1.57682,1.57732,1.69,2.46
2011.04.21 16:03:14.769,1.57688,1.57732,1.35,1.84
2011.04.21 16:03:15.517,1.5768,1.57732,1.69,1.84
2011.04.21 16:03:16.957,1.57682,1.57733,1.84,1.69
2011.04.21 16:03:18.747,1.57684,1.57737,1.69,1.69
2011.04.21 16:03:18.858,1.57686,1.57737,1.88,1.69
2011.04.21 16:03:19.748,1.57686,1.57737,1.13,1.69
2011.04.21 16:03:22.508,1.57687,1.57732,1.50,1.35
2011.04.21 16:03:22.838,1.57688,1.57737,2.48,1.09
2011.04.21 16:03:23.057,1.57689,1.57741,1.47,1.35
2011.04.21 16:03:23.881,1.57693,1.57741,1.47,1.35
2011.04.21 16:03:24.398,1.57693,1.57741,1.47,1.35
2011.04.21 16:03:24.768,1.57693,1.57732,1.47,1.84
2011.04.21 16:03:24.989,1.57678,1.57725,3.34,1.84
2011.04.21 16:03:25.867,1.57682,1.57731,1.09,2.84
2011.04.21 16:03:30.867,1.57685,1.57731,1.35,1.84
2011.04.21 16:03:30.977,1.57681,1.57722,1.69,1.84
2011.04.21 16:03:34.458,1.57678,1.57715,1.47,1.35
2011.04.21 16:03:35.007,1.57679,1.57722,2.59,1.84
2011.04.21 16:03:38.130,1.57679,1.57722,3.38,1.35
2011.04.21 16:03:40.717,1.57679,1.57721,3.38,1.35
2011.04.21 16:03:41.158,1.57678,1.57715,1.47,1.35
2011.04.21 16:03:41.378,1.57678,1.5772,3.10,1.35
2011.04.21 16:03:45.327,1.57678,1.57728,3.10,1.69
2011.04.21 16:03:45.921,1.57679,1.57728,2.76,1.69
2011.04.21 16:03:46.639,1.57678,1.57728,4.60,1.69
2011.04.21 16:03:47.959,1.57678,1.57722,4.60,1.84
2011.04.21 16:03:50.208,1.57672,1.57713,1.69,1.84
2011.04.21 16:03:50.647,1.57668,1.57719,1.13,1.69
2011.04.21 16:03:51.245,1.57668,1.57722,1.13,2.09
2011.04.21 16:03:51.807,1.57668,1.57719,1.13,1.69
2011.04.21 16:03:52.467,1.57665,1.57721,2.10,1.69
2011.04.21 16:03:54.470,1.57672,1.57715,2.59,1.35
2011.04.21 16:03:54.689,1.57679,1.57729,1.69,1.84
2011.04.21 16:03:54.908,1.5768,1.57729,1.09,1.84
2011.04.21 16:03:55.678,1.57682,1.5773,1.09,1.69
2011.04.21 16:03:56.747,1.57684,1.57728,1.13,1.84
2011.04.21 16:03:58.728,1.57683,1.57728,1.13,1.84
2011.04.21 16:03:58.839,1.57684,1.5773,1.47,1.69
2011.04.21 16:04:01.238,1.57695,1.57741,1.69,1.71
2011.04.21 16:04:02.121,1.57696,1.57748,1.09,3.19
2011.04.21 16:04:02.448,1.57694,1.57738,2.22,1.35
2011.04.21 16:04:02.920,1.57694,1.57738,1.13,1.35
2011.04.21 16:04:03.725,1.57693,1.57738,1.13,1.35
2011.04.21 16:04:04.896,1.57693,1.57738,1.13,1.35
2011.04.21 16:04:05.443,1.57694,1.57738,1.13,1.35
2011.04.21 16:04:05.898,1.57692,1.57738,1.09,1.35
2011.04.21 16:04:06.007,1.57695,1.57748,2.10,1.69
2011.04.21 16:04:06.908,1.57695,1.57748,2.10,1.69
2011.04.21 16:04:07.128,1.57695,1.57748,1.73,1.69
2011.04.21 16:04:07.719,1.57698,1.57748,1.47,1.69
2011.04.21 16:04:10.248,1.57703,1.57751,1.69,1.38
2011.04.21 16:04:11.878,1.57703,1.57751,1.09,1.35
2011.04.21 16:04:12.208,1.57703,1.57751,1.47,1.35
2011.04.21 16:04:12.317,1.57714,1.57761,1.35,1.38
2011.04.21 16:04:12.647,1.57704,1.57752,1.09,1.35
2011.04.21 16:04:15.708,1.57708,1.5776,1.47,1.13
2011.04.21 16:04:15.928,1.57705,1.57751,1.09,1.35
2011.04.21 16:04:16.497,1.57703,1.57751,1.88,1.35
2011.04.21 16:04:16.607,1.57703,1.57751,1.13,2.10
2011.04.21 16:04:16.937,1.57699,1.57743,1.47,1.35
2011.04.21 16:04:23.967,1.57697,1.57745,1.47,1.35
2011.04.21 16:04:25.227,1.57697,1.57745,1.13,1.35
2011.04.21 16:04:25.668,1.57701,1.57752,1.35,1.69
2011.04.21 16:04:26.598,1.57701,1.57752,2.82,1.35
2011.04.21 16:04:26.708,1.57701,1.57748,1.47,1.35
2011.04.21 16:04:27.617,1.57705,1.57748,1.84,1.69
2011.04.21 16:04:29.587,1.57697,1.57747,3.19,1.69
2011.04.21 16:04:37.871,1.57706,1.57754,1.84,1.09
2011.04.21 16:04:37.980,1.57706,1.57757,1.09,1.73
2011.04.21 16:04:38.897,1.57702,1.57755,1.69,1.35
2011.04.21 16:04:44.917,1.57706,1.57758,1.69,1.35
2011.04.21 16:04:45.469,1.57713,1.57766,1.69,1.98
2011.04.21 16:04:46.018,1.57724,1.57766,1.84,1.98
2011.04.21 16:04:46.237,1.57739,1.57784,1.35,1.38
2011.04.21 16:04:46.348,1.57724,1.57774,2.59,1.35
2011.04.21 16:04:47.730,1.57738,1.57774,1.84,1.35
2011.04.21 16:04:47.949,1.57738,1.57785,1.84,1.35
2011.04.21 16:04:48.058,1.57739,1.5779,1.69,1.35
2011.04.21 16:04:48.689,1.57738,1.57785,1.84,1.35
2011.04.21 16:04:49.701,1.57738,1.57784,1.84,1.35
2011.04.21 16:04:49.918,1.57738,1.57791,3.19,2.10
2011.04.21 16:04:50.028,1.57738,1.57785,1.84,1.35
2011.04.21 16:04:50.139,1.57739,1.5779,1.69,1.35
2011.04.21 16:04:50.247,1.57738,1.57784,1.84,1.35
2011.04.21 16:04:50.577,1.57735,1.57784,1.84,1.69
2011.04.21 16:04:52.838,1.57729,1.57775,1.09,1.69
2011.04.21 16:04:52.947,1.57729,1.57775,1.09,1.69
2011.04.21 16:04:53.828,1.57727,1.57775,1.09,1.35
2011.04.21 16:04:56.918,1.57727,1.57776,1.09,1.35
2011.04.21 16:04:59.658,1.57729,1.57776,1.50,1.35
2011.04.21 16:04:59.988,1.57749,1.57799,1.35,3.21
2011.04.21 16:05:00.098,1.57735,1.57783,1.47,1.35
2011.04.21 16:05:00.539,1.57735,1.57783,1.09,1.69
2011.04.21 16:05:00.867,1.57729,1.57776,1.84,1.35
2011.04.21 16:05:03.727,1.57728,1.57779,2.59,1.35
2011.04.21 16:05:04.278,1.57729,1.57779,1.09,1.35
2011.04.21 16:05:04.608,1.57734,1.57786,2.10,1.34
2011.04.21 16:05:06.138,1.57734,1.57787,2.10,2.31
2011.04.21 16:05:06.248,1.57738,1.57787,1.84,2.31
2011.04.21 16:05:06.798,1.57738,1.57785,1.84,1.35
2011.04.21 16:05:07.508,1.57738,1.57785,1.84,1.98
2011.04.21 16:05:08.250,1.57735,1.5778,1.69,1.09
2011.04.21 16:05:08.358,1.5773,1.57768,1.84,1.35
2011.04.21 16:05:08.469,1.5773,1.57774,1.84,1.35
2011.04.21 16:05:08.580,1.57724,1.57774,1.09,1.69
2011.04.21 16:05:12.199,1.57721,1.57758,1.84,1.35
2011.04.21 16:05:12.529,1.57711,1.57758,1.09,1.69
2011.04.21 16:05:12.638,1.5771,1.57758,1.60,1.69
2011.04.21 16:05:14.308,1.57703,1.5776,2.85,1.69
2011.04.21 16:05:14.418,1.57698,1.57752,1.13,1.69
2011.04.21 16:05:14.958,1.57695,1.57752,1.09,1.69
2011.04.21 16:05:15.179,1.57689,1.57743,1.09,1.35
2011.04.21 16:05:15.287,1.57688,1.57743,3.13,1.69
2011.04.21 16:05:15.398,1.57688,1.57735,1.13,1.35
2011.04.21 16:05:17.647,1.57688,1.57733,2.38,1.35
2011.04.21 16:05:19.398,1.57688,1.57742,1.88,1.69
2011.04.21 16:05:21.158,1.57689,1.57744,1.09,1.35
2011.04.21 16:05:22.263,1.57691,1.57744,1.47,1.35
2011.04.21 16:05:22.750,1.5769,1.57743,1.47,1.09
2011.04.21 16:05:23.250,1.57688,1.57734,1.47,1.35
2011.04.21 16:05:23.897,1.57689,1.57736,2.97,1.35
2011.04.21 16:05:25.955,1.57691,1.57736,1.13,1.35
2011.04.21 16:05:27.968,1.57683,1.57736,1.50,1.35
2011.04.21 16:05:28.078,1.57687,1.57736,1.13,1.35
2011.04.21 16:05:28.409,1.57688,1.57736,1.13,2.10
2011.04.21 16:05:28.629,1.57691,1.57736,1.13,1.35
2011.04.21 16:05:29.694,1.5769,1.57736,1.13,1.35
2011.04.21 16:05:30.363,1.5769,1.57736,1.13,1.35
2011.04.21 16:05:31.598,1.57692,1.57736,1.50,1.35
2011.04.21 16:05:31.929,1.57687,1.57736,1.13,2.07
2011.04.21 16:05:32.259,1.57672,1.5771,1.88,1.35
2011.04.21 16:05:32.367,1.57677,1.57728,1.09,1.35
2011.04.21 16:05:32.478,1.57683,1.57728,1.13,1.35
2011.04.21 16:05:32.699,1.57683,1.57736,2.25,1.73
2011.04.21 16:05:33.247,1.57684,1.57735,1.50,1.35
2011.04.21 16:05:34.147,1.57696,1.57743,1.35,1.09
2011.04.21 16:05:34.260,1.57696,1.57747,1.35,1.71
2011.04.21 16:05:34.369,1.57689,1.57744,1.35,1.71
2011.04.21 16:05:34.477,1.57685,1.5774,2.10,1.35
2011.04.21 16:05:34.588,1.57682,1.57739,2.44,1.35
2011.04.21 16:05:34.698,1.57695,1.57743,1.35,1.09
2011.04.21 16:05:34.917,1.5768,1.57737,1.69,3.10
2011.04.21 16:05:35.029,1.5768,1.57736,1.35,1.34
2011.04.21 16:05:40.560,1.57687,1.57737,1.35,1.09
2011.04.21 16:05:40.668,1.57687,1.57738,1.35,1.09
2011.04.21 16:05:40.778,1.5769,1.57744,1.35,1.84
2011.04.21 16:05:42.217,1.5769,1.57742,1.35,1.09
2011.04.21 16:05:42.548,1.5769,1.57738,1.35,1.34
2011.04.21 16:05:42.767,1.57685,1.57737,1.09,2.35
2011.04.21 16:05:43.317,1.57685,1.57738,1.09,1.34
2011.04.21 16:05:43.690,1.57685,1.57738,1.84,1.34
2011.04.21 16:05:44.018,1.5769,1.57738,1.35,1.09
2011.04.21 16:05:44.588,1.5769,1.57744,1.35,1.09
2011.04.21 16:05:45.469,1.57687,1.57739,1.88,1.69
2011.04.21 16:05:45.579,1.5769,1.57746,1.35,1.69
2011.04.21 16:05:46.630,1.57686,1.5774,1.35,1.09
2011.04.21 16:05:46.849,1.57689,1.57738,1.35,1.09
2011.04.21 16:05:46.959,1.57673,1.57736,1.13,1.35
2011.04.21 16:05:47.177,1.57673,1.5774,1.13,2.44
2011.04.21 16:05:47.397,1.57673,1.57735,1.13,1.35
2011.04.21 16:05:48.139,1.57673,1.57735,1.13,2.10
2011.04.21 16:05:48.247,1.57673,1.57735,1.13,1.35
2011.04.21 16:05:48.578,1.57674,1.57735,1.50,1.35
2011.04.21 16:05:49.033,1.57681,1.57736,1.35,1.35
2011.04.21 16:05:51.438,1.57679,1.57736,1.35,1.35
2011.04.21 16:05:52.024,1.5768,1.57737,1.35,1.35
2011.04.21 16:05:53.087,1.57674,1.5773,1.50,1.35
2011.04.21 16:05:55.437,1.57676,1.5773,1.50,1.35
2011.04.21 16:05:57.327,1.57674,1.5773,1.13,1.35
2011.04.21 16:05:58.688,1.57676,1.57729,1.50,1.35
2011.04.21 16:05:58.908,1.5768,1.57735,1.35,1.35
2011.04.21 16:06:00.658,1.5768,1.57735,1.69,1.69
2011.04.21 16:06:00.767,1.57676,1.57733,1.47,2.10
2011.04.21 16:06:01.098,1.57679,1.57736,1.69,1.69
2011.04.21 16:06:02.418,1.57679,1.57735,1.69,1.09
2011.04.21 16:06:02.758,1.57676,1.57729,1.84,1.35
2011.04.21 16:06:03.273,1.57681,1.57729,1.47,1.35
2011.04.21 16:06:05.907,1.57681,1.57729,1.84,1.35
2011.04.21 16:06:06.458,1.57681,1.57729,1.84,1.35
2011.04.21 16:06:06.568,1.57681,1.57738,1.09,1.47
2011.04.21 16:06:06.678,1.57683,1.57742,1.50,2.69
2011.04.21 16:06:07.008,1.57689,1.57744,1.69,2.35
2011.04.21 16:06:07.507,1.5769,1.57745,1.09,1.34
2011.04.21 16:06:07.840,1.57679,1.57731,1.13,1.73
2011.04.21 16:06:07.950,1.57675,1.57731,2.10,1.98
2011.04.21 16:06:08.608,1.57673,1.57727,1.09,1.35
2011.04.21 16:06:09.798,1.5767,1.57727,2.10,1.35
2011.04.21 16:06:10.386,1.57671,1.57726,2.85,1.35
2011.04.21 16:06:11.478,1.57677,1.57731,1.35,2.46
2011.04.21 16:06:12.320,1.57677,1.57731,1.35,1.71
2011.04.21 16:06:12.431,1.57677,1.57731,1.35,2.09
2011.04.21 16:06:13.541,1.57672,1.57726,1.50,1.35
2011.04.21 16:06:14.169,1.57672,1.57726,1.50,1.35
2011.04.21 16:06:15.797,1.57669,1.57728,1.88,1.34
2011.04.21 16:06:16.019,1.57669,1.57721,1.50,1.73
2011.04.21 16:06:16.348,1.57666,1.57721,2.44,1.60
2011.04.21 16:06:17.117,1.57666,1.5772,1.09,1.98
2011.04.21 16:06:17.448,1.57667,1.5772,1.84,1.35
2011.04.21 16:06:17.667,1.57667,1.5772,1.09,1.35
2011.04.21 16:06:17.997,1.57667,1.57722,1.69,1.35
2011.04.21 16:06:18.108,1.57669,1.57722,1.50,1.35
2011.04.21 16:06:18.218,1.57676,1.57731,1.35,2.46
2011.04.21 16:06:18.877,1.57671,1.57724,1.50,1.35
2011.04.21 16:06:18.988,1.57676,1.57732,1.35,3.06
2011.04.21 16:06:19.625,1.57674,1.57727,1.50,1.35
2011.04.21 16:06:19.729,1.5767,1.57727,2.85,1.35
2011.04.21 16:06:19.838,1.5767,1.57716,2.85,1.13
2011.04.21 16:06:20.848,1.5767,1.57721,2.10,1.38
2011.04.21 16:06:22.112,1.5767,1.57721,2.10,1.38
2011.04.21 16:06:22.548,1.57668,1.5772,3.00,2.35
2011.04.21 16:06:23.127,1.57667,1.5772,1.84,2.35
2011.04.21 16:06:24.268,1.57665,1.5772,1.50,2.35
2011.04.21 16:06:24.598,1.57664,1.57721,2.10,2.73
2011.04.21 16:06:24.818,1.57669,1.57721,1.35,1.38
2011.04.21 16:06:25.918,1.57668,1.57721,1.35,1.38
2011.04.21 16:06:26.658,1.57664,1.57721,2.10,2.35
2011.04.21 16:06:27.480,1.57664,1.57721,2.10,2.35
2011.04.21 16:06:29.627,1.57664,1.57716,2.10,1.38
2011.04.21 16:06:29.847,1.57661,1.57717,2.85,1.38
2011.04.21 16:06:30.532,1.57661,1.57718,2.85,2.35
2011.04.21 16:06:31.337,1.57661,1.57718,2.85,2.35
2011.04.21 16:06:33.563,1.57661,1.57718,2.85,2.35
2011.04.21 16:06:34.204,1.57661,1.57718,2.85,2.35
2011.04.21 16:06:35.767,1.57661,1.57718,2.85,2.35
2011.04.21 16:06:36.858,1.57662,1.57719,2.10,2.35
2011.04.21 16:06:38.078,1.57662,1.57719,2.10,2.35
2011.04.21 16:06:38.188,1.57663,1.57719,1.09,2.35
2011.04.21 16:06:38.737,1.57663,1.57719,1.09,2.35
2011.04.21 16:06:39.389,1.57662,1.57719,1.69,2.35
2011.04.21 16:06:40.296,1.57662,1.57719,1.69,2.35
2011.04.21 16:06:41.433,1.57662,1.57719,1.69,2.35
2011.04.21 16:06:42.008,1.57662,1.57719,2.44,1.98
2011.04.21 16:06:42.449,1.57662,1.57719,1.69,4.05
2011.04.21 16:06:45.238,1.57662,1.57712,1.69,1.71
2011.04.21 16:06:47.976,1.57659,1.5771,1.84,1.98
2011.04.21 16:06:50.318,1.57659,1.57712,2.22,2.69
2011.04.21 16:06:52.007,1.5766,1.57711,1.47,1.34
2011.04.21 16:06:53.173,1.57659,1.57711,3.72,1.34
2011.04.21 16:06:54.010,1.5766,1.57711,1.84,1.34
2011.04.21 16:06:56.908,1.57659,1.57711,4.60,1.34
2011.04.21 16:06:59.396,1.5766,1.57711,1.47,1.34
2011.04.21 16:07:00.149,1.57659,1.57712,2.59,1.69
2011.04.21 16:07:00.260,1.57659,1.57694,1.13,1.84
2011.04.21 16:07:00.808,1.57657,1.57699,1.84,1.84
2011.04.21 16:07:01.718,1.57655,1.57702,1.09,1.69
2011.04.21 16:07:02.458,1.57654,1.57702,1.09,1.69
2011.04.21 16:07:06.738,1.57654,1.57701,1.84,1.09
2011.04.21 16:07:07.069,1.57656,1.57694,1.13,1.35
2011.04.21 16:07:07.398,1.57656,1.57697,1.50,1.35
2011.04.21 16:07:07.728,1.57657,1.57697,1.88,1.35
2011.04.21 16:07:08.480,1.5766,1.57697,1.50,1.35
2011.04.21 16:07:08.698,1.5766,1.57703,1.50,1.69
2011.04.21 16:07:10.297,1.57659,1.57703,1.50,1.69
2011.04.21 16:07:10.628,1.57659,1.57698,2.25,1.35
2011.04.21 16:07:11.068,1.57659,1.57703,1.50,1.69
2011.04.21 16:07:17.548,1.57659,1.5771,1.88,1.84
2011.04.21 16:07:18.758,1.5766,1.5771,1.13,1.84
2011.04.21 16:07:21.309,1.57659,1.57706,1.88,1.69
2011.04.21 16:07:21.667,1.57664,1.5771,1.35,1.84
2011.04.21 16:07:21.998,1.57677,1.57719,1.84,1.69
2011.04.21 16:07:22.217,1.5767,1.57719,2.97,1.35
2011.04.21 16:07:24.448,1.57674,1.57728,1.09,2.07
2011.04.21 16:07:24.958,1.57677,1.57722,1.84,1.84
2011.04.21 16:07:26.109,1.57672,1.57714,3.19,1.84
2011.04.21 16:07:26.770,1.57677,1.57722,1.84,1.84
2011.04.21 16:07:28.259,1.57669,1.57712,1.47,1.35
2011.04.21 16:07:28.699,1.57672,1.57728,1.69,2.31
2011.04.21 16:07:29.139,1.57674,1.5772,2.59,1.35
2011.04.21 16:07:32.181,1.57669,1.57711,1.09,1.35
2011.04.21 16:07:32.398,1.57678,1.57727,1.13,1.09
2011.04.21 16:07:32.618,1.57674,1.57723,1.09,1.09
2011.04.21 16:07:32.838,1.5767,1.5772,1.47,1.35
2011.04.21 16:07:43.858,1.57668,1.5772,1.50,1.69
2011.04.21 16:07:46.987,1.5767,1.5772,1.47,1.35
2011.04.21 16:07:47.098,1.57672,1.57722,1.13,1.69
2011.04.21 16:07:47.578,1.57673,1.57722,1.13,1.69
2011.04.21 16:07:48.128,1.57667,1.57722,2.07,1.69
2011.04.21 16:07:48.458,1.57666,1.57714,1.09,1.35
2011.04.21 16:07:48.568,1.57667,1.57722,1.69,1.35
2011.04.21 16:07:51.667,1.57667,1.57724,2.44,1.35
2011.04.21 16:07:53.888,1.57667,1.57724,2.07,1.98
2011.04.21 16:07:54.108,1.57667,1.57724,1.69,2.10
2011.04.21 16:07:54.329,1.5767,1.57724,1.09,1.35
2011.04.21 16:07:54.549,1.57667,1.57724,1.69,1.35
2011.04.21 16:07:58.098,1.57669,1.57724,1.09,2.10
2011.04.21 16:07:58.318,1.5767,1.5772,1.09,1.35
2011.04.21 16:07:58.648,1.57669,1.57717,2.22,1.35
2011.04.21 16:07:58.868,1.57671,1.57722,1.13,1.35
2011.04.21 16:07:59.909,1.57673,1.57723,1.13,1.35
2011.04.21 16:08:01.330,1.57673,1.57723,1.13,1.35
2011.04.21 16:08:03.067,1.57669,1.57723,1.09,1.35
2011.04.21 16:08:03.179,1.5767,1.57716,1.09,1.35
2011.04.21 16:08:03.511,1.5767,1.5771,1.09,1.35
2011.04.21 16:08:03.619,1.5767,1.57715,1.60,1.35
2011.04.21 16:08:03.838,1.57672,1.57715,1.26,1.35
2011.04.21 16:08:04.387,1.57673,1.57714,1.50,1.35
2011.04.21 16:08:04.717,1.57675,1.57714,1.50,1.35
2011.04.21 16:08:05.299,1.57674,1.57714,2.76,1.35
2011.04.21 16:08:05.944,1.57675,1.57714,2.76,1.35
2011.04.21 16:08:07.797,1.57675,1.57718,1.50,1.35
2011.04.21 16:08:08.387,1.57674,1.57718,4.26,1.35
2011.04.21 16:08:08.720,1.57675,1.57719,1.63,1.35
2011.04.21 16:08:09.200,1.57674,1.57724,3.13,1.35
2011.04.21 16:08:09.311,1.57674,1.57721,1.63,1.35
2011.04.21 16:08:10.117,1.57675,1.57724,1.63,1.35
2011.04.21 16:08:15.379,1.57667,1.57724,1.69,1.35
2011.04.21 16:08:15.868,1.57674,1.57724,1.88,1.35
2011.04.21 16:08:16.089,1.57675,1.57731,1.50,1.34
2011.04.21 16:08:16.198,1.57676,1.57732,1.13,1.34
2011.04.21 16:08:16.530,1.57677,1.57731,1.13,2.35
2011.04.21 16:08:16.639,1.57677,1.57731,1.50,2.35
2011.04.21 16:08:19.268,1.57679,1.57734,2.10,2.35
2011.04.21 16:08:19.489,1.57676,1.57732,3.60,1.34
2011.04.21 16:08:19.819,1.57674,1.57724,1.88,1.35
2011.04.21 16:08:20.369,1.57675,1.57724,1.13,1.35
2011.04.21 16:08:21.202,1.57674,1.57724,1.13,1.35
2011.04.21 16:08:21.800,1.57675,1.57724,1.13,1.35
2011.04.21 16:08:22.412,1.57674,1.57724,1.13,2.10
2011.04.21 16:08:23.428,1.57674,1.57724,1.13,2.44
2011.04.21 16:08:27.130,1.57674,1.57726,1.50,1.69
2011.04.21 16:08:27.487,1.57674,1.57729,1.50,1.69
2011.04.21 16:08:28.193,1.57677,1.57732,1.35,1.69
2011.04.21 16:08:30.659,1.57677,1.57727,2.10,1.09
2011.04.21 16:08:39.529,1.57675,1.57725,1.88,1.69
2011.04.21 16:08:40.078,1.57675,1.57725,1.13,1.69
2011.04.21 16:08:40.628,1.57674,1.57723,1.88,1.69
2011.04.21 16:08:41.141,1.57674,1.57723,1.88,1.69
2011.04.21 16:08:42.647,1.57674,1.57723,1.88,1.69
2011.04.21 16:08:43.248,1.57675,1.57723,1.13,1.69
2011.04.21 16:08:45.235,1.57674,1.57723,1.50,1.69
2011.04.21 16:08:47.399,1.57674,1.57723,1.88,1.69
2011.04.21 16:08:50.138,1.57674,1.57723,1.50,1.69
2011.04.21 16:08:51.118,1.57674,1.57723,1.50,1.69
2011.04.21 16:08:51.647,1.57674,1.57723,1.88,1.69
2011.04.21 16:08:52.789,1.57675,1.57723,1.88,1.69
2011.04.21 16:08:53.118,1.57675,1.5772,1.13,1.35
2011.04.21 16:08:53.228,1.57673,1.57723,3.38,1.69
2011.04.21 16:08:53.339,1.57675,1.57723,1.13,1.69
2011.04.21 16:08:54.018,1.57674,1.57723,3.38,1.69
2011.04.21 16:08:56.878,1.57674,1.57723,1.13,2.44
2011.04.21 16:08:59.758,1.57673,1.57723,1.13,1.69
2011.04.21 16:09:00.310,1.57675,1.57729,1.09,1.50
2011.04.21 16:09:00.749,1.57682,1.5773,1.35,1.09
2011.04.21 16:09:00.861,1.57671,1.57728,2.10,1.69
2011.04.21 16:09:01.407,1.57672,1.57727,1.73,1.69
2011.04.21 16:09:01.947,1.57673,1.57728,1.35,2.44
2011.04.21 16:09:02.500,1.57666,1.57725,1.09,1.71
2011.04.21 16:09:03.013,1.57669,1.57722,1.13,1.69
2011.04.21 16:09:03.558,1.57668,1.57725,2.10,2.07
2011.04.21 16:09:03.887,1.57673,1.57727,1.88,1.34
2011.04.21 16:09:04.579,1.57674,1.57729,1.50,3.06
2011.04.21 16:09:06.238,1.57673,1.57724,1.50,1.69
2011.04.21 16:09:07.408,1.57671,1.57724,1.88,1.69
2011.04.21 16:09:09.879,1.57674,1.57723,1.13,1.69
2011.04.21 16:09:11.648,1.57673,1.57723,1.13,1.69
2011.04.21 16:09:13.498,1.5767,1.57723,1.13,1.69
2011.04.21 16:09:14.667,1.57674,1.57723,1.13,1.69
2011.04.21 16:09:16.908,1.57673,1.57728,1.13,2.44
2011.04.21 16:09:17.130,1.57673,1.57723,1.13,2.44
2011.04.21 16:09:17.898,1.57677,1.57727,1.35,1.34
2011.04.21 16:09:18.777,1.57677,1.57726,2.48,1.34
2011.04.21 16:09:19.616,1.57679,1.57726,1.50,1.34
2011.04.21 16:09:21.650,1.57678,1.57729,1.50,1.47
2011.04.21 16:09:21.760,1.57679,1.5773,1.09,1.50
2011.04.21 16:09:22.639,1.5768,1.57728,1.09,1.69
2011.04.21 16:09:25.458,1.57675,1.57724,1.13,3.19
2011.04.21 16:09:26.118,1.57674,1.57724,2.22,3.19
2011.04.21 16:09:26.447,1.57676,1.57724,1.13,3.19
2011.04.21 16:09:27.051,1.57677,1.57724,1.13,3.19
2011.04.21 16:09:29.089,1.57674,1.57723,1.09,1.09
2011.04.21 16:09:29.418,1.57677,1.57723,1.50,1.09
2011.04.21 16:09:29.931,1.57676,1.57723,1.13,1.09
2011.04.21 16:09:31.075,1.57677,1.57723,1.13,1.09
2011.04.21 16:09:31.410,1.57688,1.57724,1.13,1.84
2011.04.21 16:09:31.630,1.57688,1.57724,1.50,1.84
2011.04.21 16:09:31.741,1.57687,1.57724,1.13,1.84
2011.04.21 16:09:32.180,1.57687,1.57724,1.35,1.84
2011.04.21 16:09:32.290,1.57683,1.57724,1.35,1.84
2011.04.21 16:09:32.399,1.57679,1.57724,1.88,1.84
2011.04.21 16:09:33.498,1.5768,1.57724,1.88,1.84
2011.04.21 16:09:34.390,1.57683,1.57724,1.13,1.84
2011.04.21 16:09:34.877,1.57684,1.57731,1.88,1.35
2011.04.21 16:09:35.791,1.57683,1.57731,1.88,1.35
2011.04.21 16:09:36.477,1.57684,1.57731,1.88,1.35
2011.04.21 16:09:37.130,1.57683,1.57731,1.88,1.35
2011.04.21 16:09:38.167,1.57684,1.57731,1.88,1.35
2011.04.21 16:09:38.787,1.57683,1.57731,1.13,1.35
2011.04.21 16:09:39.767,1.57683,1.57731,2.25,1.35
2011.04.21 16:09:42.515,1.57683,1.57731,2.25,1.35
2011.04.21 16:09:44.576,1.57683,1.57726,2.25,1.35
2011.04.21 16:09:44.689,1.57679,1.57726,1.88,1.98
2011.04.21 16:09:45.238,1.57679,1.57725,2.76,1.35
2011.04.21 16:09:49.824,1.57679,1.57725,1.50,1.69
2011.04.21 16:09:52.418,1.57679,1.57725,2.63,1.94
2011.04.21 16:09:52.984,1.57679,1.57725,3.00,1.69
2011.04.21 16:09:57.178,1.5768,1.57725,1.13,1.69
2011.04.21 16:09:57.948,1.57679,1.57725,1.88,1.69
2011.04.21 16:09:58.468,1.5768,1.57725,1.13,1.69
2011.04.21 16:10:00.378,1.57679,1.57728,2.63,1.69
2011.04.21 16:10:00.929,1.5768,1.57728,2.25,1.69
2011.04.21 16:10:03.039,1.57679,1.57728,3.75,1.69
2011.04.21 16:10:03.818,1.5768,1.57729,2.25,1.69
2011.04.21 16:10:03.929,1.5768,1.57729,2.25,1.35
2011.04.21 16:10:04.041,1.57688,1.57729,1.50,1.35
2011.04.21 16:10:04.152,1.57688,1.57733,2.25,1.09
2011.04.21 16:10:04.370,1.57673,1.5773,1.35,1.13
2011.04.21 16:10:04.698,1.57674,1.57723,1.50,1.35
2011.04.21 16:10:04.811,1.57669,1.57723,1.50,1.35
2011.04.21 16:10:05.140,1.57669,1.57723,1.13,1.35
2011.04.21 16:10:05.249,1.57664,1.57723,2.10,2.10
2011.04.21 16:10:05.359,1.57665,1.57723,1.50,2.10
2011.04.21 16:10:05.690,1.57681,1.57736,1.13,1.09
2011.04.21 16:10:06.019,1.57687,1.57731,1.50,1.69
2011.04.21 16:10:06.564,1.57687,1.57731,1.50,1.69
2011.04.21 16:10:08.149,1.57676,1.57731,1.84,1.69
2011.04.21 16:10:08.258,1.57676,1.57731,1.47,1.69
2011.04.21 16:10:08.919,1.57669,1.57724,1.84,1.35
2011.04.21 16:10:13.928,1.57669,1.57722,1.50,1.35
2011.04.21 16:10:14.519,1.57669,1.57722,1.50,1.35
2011.04.21 16:10:14.859,1.57673,1.5773,1.35,1.75
2011.04.21 16:10:15.080,1.57673,1.5773,1.35,1.13
2011.04.21 16:10:15.188,1.57668,1.57725,3.19,2.07
2011.04.21 16:10:15.302,1.57669,1.57718,1.88,1.35
2011.04.21 16:10:15.518,1.57673,1.5773,1.73,2.69
2011.04.21 16:10:15.630,1.57671,1.57721,1.13,1.35
2011.04.21 16:10:15.739,1.57671,1.57724,1.13,1.35
2011.04.21 16:10:15.849,1.57671,1.57724,1.50,1.35
2011.04.21 16:10:16.359,1.57675,1.57724,1.13,1.35
2011.04.21 16:10:17.019,1.57675,1.57729,1.09,2.44
2011.04.21 16:10:17.618,1.57675,1.57729,1.09,2.69
2011.04.21 16:10:18.169,1.57674,1.57728,4.09,1.35
2011.04.21 16:10:19.488,1.57676,1.57728,2.97,1.35
2011.04.21 16:10:19.598,1.57676,1.57733,4.32,1.35
2011.04.21 16:10:20.758,1.57686,1.57733,1.84,1.35
2011.04.21 16:10:20.979,1.57694,1.57748,1.69,1.84
2011.04.21 16:10:23.782,1.57689,1.57745,1.35,1.69
2011.04.21 16:10:23.889,1.57689,1.57745,1.35,2.07
2011.04.21 16:10:23.999,1.57682,1.57737,1.09,2.35
2011.04.21 16:10:26.098,1.5768,1.57737,1.69,2.35
2011.04.21 16:10:26.318,1.57682,1.57737,1.09,1.35
2011.04.21 16:10:26.428,1.57689,1.57745,1.35,1.69
2011.04.21 16:10:27.638,1.57689,1.57745,1.35,2.07
2011.04.21 16:10:27.749,1.57681,1.57736,1.69,1.60
2011.04.21 16:10:30.079,1.5768,1.57737,1.69,1.35
2011.04.21 16:10:30.408,1.57677,1.57736,1.09,2.10
2011.04.21 16:10:31.311,1.57677,1.57735,1.47,1.50
2011.04.21 16:10:31.648,1.57677,1.57727,1.47,1.35
2011.04.21 16:10:32.264,1.57677,1.57728,1.47,1.35
2011.04.21 16:10:33.427,1.57677,1.57727,1.84,1.35
2011.04.21 16:10:36.160,1.57677,1.57729,2.22,1.35
2011.04.21 16:10:45.219,1.57673,1.57729,1.47,2.73
2011.04.21 16:10:45.548,1.57673,1.57724,1.09,1.35
2011.04.21 16:10:45.658,1.57669,1.57724,2.22,1.35
2011.04.21 16:10:45.989,1.57673,1.5772,1.13,1.35
2011.04.21 16:10:46.099,1.57666,1.5772,1.50,2.10
2011.04.21 16:10:46.208,1.57664,1.57719,3.34,1.35
2011.04.21 16:10:46.318,1.57666,1.57719,1.50,1.35
2011.04.21 16:10:47.099,1.57666,1.57719,1.50,1.35
2011.04.21 16:10:48.198,1.57671,1.57727,1.35,1.84
2011.04.21 16:10:48.418,1.57667,1.5772,2.25,1.35
2011.04.21 16:10:49.638,1.57667,1.5772,1.50,2.10
2011.04.21 16:10:51.978,1.57668,1.57723,2.10,2.10
2011.04.21 16:10:52.738,1.57668,1.57723,1.35,2.10
2011.04.21 16:10:53.071,1.57659,1.57715,1.35,1.69
2011.04.21 16:10:56.708,1.57653,1.57706,1.09,1.35
2011.04.21 16:10:59.228,1.57656,1.57706,1.09,1.35
2011.04.21 16:10:59.557,1.57668,1.57721,1.35,1.84
2011.04.21 16:11:00.668,1.57664,1.57719,2.25,1.69
2011.04.21 16:11:00.997,1.57668,1.57721,1.35,1.84
2011.04.21 16:11:03.730,1.57658,1.57714,1.35,1.69
2011.04.21 16:11:03.840,1.57656,1.57707,1.09,1.35
2011.04.21 16:11:03.949,1.57657,1.57713,2.10,1.69
2011.04.21 16:11:04.168,1.57659,1.57715,1.35,1.69
2011.04.21 16:11:04.817,1.57658,1.57716,1.35,1.69
2011.04.21 16:11:05.150,1.57651,1.57706,2.10,1.09
2011.04.21 16:11:05.369,1.57647,1.57702,1.84,1.69
2011.04.21 16:11:05.478,1.57649,1.57706,1.35,1.69
2011.04.21 16:11:06.738,1.57647,1.577,1.09,1.35
2011.04.21 16:11:07.045,1.57645,1.57698,2.85,1.84
2011.04.21 16:11:07.270,1.57645,1.57698,2.10,1.84
2011.04.21 16:11:07.489,1.57642,1.57696,1.88,1.69
2011.04.21 16:11:10.520,1.57641,1.57696,1.88,1.69
2011.04.21 16:11:10.629,1.57648,1.57696,1.13,1.69
2011.04.21 16:11:10.959,1.57653,1.57698,1.13,1.84
2011.04.21 16:11:11.804,1.5765,1.57698,1.50,1.84
2011.04.21 16:11:11.918,1.57649,1.57698,1.50,1.84
2011.04.21 16:11:12.029,1.5765,1.57698,1.13,1.84
2011.04.21 16:11:12.248,1.57648,1.57698,2.85,1.84
2011.04.21 16:11:12.986,1.5765,1.57698,1.50,1.84
2011.04.21 16:11:13.687,1.57651,1.57698,1.50,1.84
2011.04.21 16:11:14.241,1.57652,1.57708,2.10,1.84
2011.04.21 16:11:14.459,1.57657,1.57708,1.35,2.59
2011.04.21 16:11:14.679,1.5765,1.57701,1.35,1.34
2011.04.21 16:11:15.008,1.57642,1.57696,1.69,1.09
2011.04.21 16:11:15.448,1.57642,1.57693,1.69,1.84
2011.04.21 16:11:16.748,1.57642,1.57692,3.19,1.09
2011.04.21 16:11:17.769,1.57645,1.5769,1.26,1.84
2011.04.21 16:11:17.879,1.57641,1.5769,1.84,1.84
2011.04.21 16:11:17.989,1.57642,1.57696,1.09,1.69
2011.04.21 16:11:18.428,1.57652,1.57696,1.26,1.69
2011.04.21 16:11:18.758,1.57657,1.57696,2.76,1.69
2011.04.21 16:11:18.978,1.57643,1.57696,1.13,1.69
2011.04.21 16:11:19.680,1.57642,1.57696,1.47,1.69
2011.04.21 16:11:20.009,1.57659,1.57697,1.50,1.69
2011.04.21 16:11:20.871,1.5766,1.57697,2.76,1.35
2011.04.21 16:11:20.979,1.5766,1.57706,2.76,1.09
2011.04.21 16:11:21.089,1.5766,1.57711,1.50,1.69
2011.04.21 16:11:22.178,1.57659,1.5771,2.76,1.09
2011.04.21 16:11:22.718,1.57659,1.57711,2.76,2.10
2011.04.21 16:11:22.830,1.57664,1.57719,1.35,1.13
2011.04.21 16:11:22.940,1.57665,1.57721,1.13,1.35
2011.04.21 16:11:23.049,1.57665,1.57712,1.50,1.35
2011.04.21 16:11:23.489,1.57665,1.57712,1.50,2.44
2011.04.21 16:11:23.600,1.57657,1.57711,3.23,1.09
2011.04.21 16:11:23.929,1.57659,1.57697,1.50,1.35
2011.04.21 16:11:24.479,1.57658,1.57697,4.26,1.35
2011.04.21 16:11:24.589,1.5766,1.57711,1.26,2.44
2011.04.21 16:11:25.507,1.57659,1.57711,4.26,2.44
2011.04.21 16:11:26.270,1.57665,1.5772,1.35,2.10
2011.04.21 16:11:26.378,1.57665,1.5772,2.10,1.35
2011.04.21 16:11:26.600,1.57663,1.57713,1.88,1.35
2011.04.21 16:11:26.929,1.57659,1.57713,2.38,1.69
2011.04.21 16:11:27.849,1.5766,1.57713,1.26,1.69
2011.04.21 16:11:27.964,1.57665,1.57718,1.69,1.13
2011.04.21 16:11:28.191,1.57658,1.57723,1.84,2.07
2011.04.21 16:11:28.739,1.57662,1.57718,1.35,1.69
2011.04.21 16:11:28.959,1.5766,1.57724,2.38,1.38
2011.04.21 16:11:29.179,1.5766,1.57709,1.13,1.35
2011.04.21 16:11:29.510,1.57659,1.57699,2.38,1.35
2011.04.21 16:11:29.729,1.57658,1.57709,2.76,1.35
2011.04.21 16:11:29.948,1.5766,1.57709,2.76,1.35
2011.04.21 16:11:30.388,1.5766,1.57724,1.50,3.44
2011.04.21 16:11:30.941,1.57659,1.57718,4.63,1.13
2011.04.21 16:11:31.159,1.57659,1.5771,2.76,1.35
2011.04.21 16:11:31.379,1.57659,1.57717,2.76,2.10
2011.04.21 16:11:31.839,1.57661,1.57719,1.35,2.10
2011.04.21 16:11:33.948,1.57662,1.57718,1.35,2.85
2011.04.21 16:11:34.389,1.57662,1.57718,2.10,2.10
2011.04.21 16:11:34.718,1.5767,1.57726,1.35,2.10
2011.04.21 16:11:36.179,1.5767,1.57726,2.10,1.98
2011.04.21 16:11:36.401,1.57669,1.57727,2.10,1.35
2011.04.21 16:11:36.618,1.57669,1.57727,2.48,1.35
2011.04.21 16:11:37.838,1.57666,1.57722,2.10,2.10
2011.04.21 16:11:38.847,1.57666,1.57722,1.35,2.73
2011.04.21 16:11:39.179,1.57659,1.57706,2.76,1.35
2011.04.21 16:11:39.288,1.57659,1.57712,4.63,1.09
2011.04.21 16:11:39.399,1.57659,1.57718,4.63,1.34
2011.04.21 16:11:39.618,1.57659,1.57705,4.63,1.35
2011.04.21 16:11:39.729,1.5766,1.57712,1.26,1.09
2011.04.21 16:11:39.838,1.5766,1.57712,1.26,1.09
2011.04.21 16:11:41.618,1.57665,1.57712,1.35,1.09
2011.04.21 16:11:41.728,1.57665,1.57722,1.35,1.38
2011.04.21 16:11:43.132,1.57669,1.57722,1.35,1.38
2011.04.21 16:11:43.459,1.57669,1.57718,1.35,2.59
2011.04.21 16:11:43.678,1.57665,1.57709,1.35,1.09
2011.04.21 16:11:43.788,1.57659,1.57705,3.88,2.10
2011.04.21 16:11:44.308,1.57658,1.57705,1.50,2.10
2011.04.21 16:11:44.420,1.57652,1.57705,1.50,2.10
2011.04.21 16:11:44.529,1.57656,1.57704,2.59,1.09
2011.04.21 16:11:45.078,1.57662,1.57712,2.35,1.35
2011.04.21 16:11:45.190,1.57668,1.57721,1.09,2.10
2011.04.21 16:11:45.299,1.5767,1.57721,1.50,2.10
2011.04.21 16:11:45.849,1.5767,1.57721,1.88,2.10
2011.04.21 16:11:46.289,1.57669,1.57721,1.50,2.10
2011.04.21 16:11:46.618,1.5767,1.57721,1.88,2.10
2011.04.21 16:11:47.508,1.5767,1.57721,1.88,2.10
2011.04.21 16:11:47.948,1.57669,1.57722,2.10,1.09
2011.04.21 16:11:48.279,1.57669,1.57712,1.73,1.13
2011.04.21 16:11:48.389,1.57665,1.57712,1.35,2.09
2011.04.21 16:11:48.939,1.57664,1.5771,1.09,1.09
2011.04.21 16:11:49.268,1.57662,1.5771,1.09,1.09
2011.04.21 16:11:53.549,1.57661,1.57703,1.09,1.84
2011.04.21 16:11:53.768,1.57658,1.57708,1.09,1.69
2011.04.21 16:11:53.878,1.57655,1.57708,1.09,1.69
2011.04.21 16:11:56.248,1.57659,1.57712,1.35,2.59
2011.04.21 16:11:56.688,1.5766,1.57712,1.50,2.59
2011.04.21 16:11:58.230,1.57659,1.577,2.10,1.84
2011.04.21 16:11:58.835,1.57652,1.57699,1.13,1.69
2011.04.21 16:11:58.948,1.57649,1.57699,1.13,1.69
2011.04.21 16:11:59.058,1.57647,1.57699,1.47,1.69
2011.04.21 16:11:59.278,1.5765,1.57692,1.60,1.84
2011.04.21 16:11:59.958,1.57652,1.57698,1.84,1.84
2011.04.21 16:12:00.179,1.57653,1.57692,1.09,1.84
2011.04.21 16:12:00.728,1.57654,1.57698,1.84,1.84
2011.04.21 16:12:01.989,1.57659,1.57709,1.35,1.84
2011.04.21 16:12:02.558,1.57652,1.57708,1.09,1.69
2011.04.21 16:12:04.789,1.57659,1.57709,1.35,2.59
2011.04.21 16:12:05.338,1.5765,1.57703,3.34,1.09
2011.04.21 16:12:05.778,1.57649,1.57692,3.19,1.84
2011.04.21 16:12:08.532,1.57649,1.577,1.69,1.84
2011.04.21 16:12:10.499,1.5765,1.57699,1.09,1.69
2011.04.21 16:12:10.829,1.57652,1.57706,2.82,1.84
2011.04.21 16:12:11.391,1.57652,1.57707,2.48,1.69
2011.04.21 16:12:12.638,1.5766,1.57712,1.35,1.09
2011.04.21 16:12:13.298,1.57652,1.57707,2.10,1.69
2011.04.21 16:12:13.518,1.57652,1.57707,2.10,1.69
2011.04.21 16:12:14.960,1.57657,1.57711,1.35,1.09
2011.04.21 16:12:15.509,1.57657,1.57711,1.69,1.09
2011.04.21 16:12:15.729,1.57657,1.57703,1.35,1.84
2011.04.21 16:12:15.839,1.57649,1.57703,1.35,2.59
2011.04.21 16:12:16.782,1.57649,1.57703,2.10,2.59
2011.04.21 16:12:17.108,1.57657,1.57701,2.44,1.84
2011.04.21 16:12:17.219,1.57657,1.57711,3.94,1.09
2011.04.21 16:12:19.240,1.57657,1.57712,3.19,1.35
2011.04.21 16:12:19.459,1.57665,1.5772,2.10,2.31
2011.04.21 16:12:19.568,1.57664,1.57717,1.13,1.09
2011.04.21 16:12:19.680,1.5766,1.57717,1.69,1.09
2011.04.21 16:12:20.119,1.5766,1.57717,1.69,1.47
2011.04.21 16:12:20.229,1.5766,1.57716,1.35,1.34
2011.04.21 16:12:20.449,1.57655,1.57708,1.50,1.47
2011.04.21 16:12:21.281,1.57656,1.57708,1.50,1.71
2011.04.21 16:12:22.089,1.57655,1.57708,1.50,1.71
2011.04.21 16:12:22.418,1.57661,1.57711,2.10,1.34
2011.04.21 16:12:23.999,1.57661,1.57717,1.69,1.13
2011.04.21 16:12:24.110,1.57669,1.57721,1.35,1.71
2011.04.21 16:12:24.220,1.57669,1.57719,2.48,1.09
2011.04.21 16:12:24.440,1.57663,1.57711,1.09,2.10
2011.04.21 16:12:24.550,1.57656,1.5771,1.13,1.09
2011.04.21 16:12:24.658,1.57656,1.5771,1.50,1.09
2011.04.21 16:12:25.238,1.57666,1.57711,1.09,2.44
2011.04.21 16:12:25.800,1.57666,1.57718,1.09,1.09
2011.04.21 16:12:26.488,1.57667,1.57719,1.09,2.10
2011.04.21 16:12:26.708,1.57668,1.57722,2.82,1.34
2011.04.21 16:12:27.120,1.57668,1.57719,1.47,1.35
2011.04.21 16:12:27.448,1.57667,1.57717,1.09,1.09
2011.04.21 16:12:27.778,1.57668,1.57714,1.13,1.84
2011.04.21 16:12:28.120,1.57662,1.57709,1.09,1.09
2011.04.21 16:12:28.448,1.57657,1.57709,1.47,1.09
2011.04.21 16:12:30.247,1.57662,1.57714,1.84,1.84
2011.04.21 16:12:30.360,1.57662,1.57718,1.50,1.09
2011.04.21 16:12:35.688,1.57661,1.57711,1.09,2.10
2011.04.21 16:12:37.388,1.57656,1.57711,1.09,2.10
2011.04.21 16:12:37.768,1.57656,1.57708,1.88,1.09
2011.04.21 16:12:38.368,1.57655,1.57706,1.50,1.69
2011.04.21 16:12:38.698,1.57657,1.5771,1.50,1.69
2011.04.21 16:12:39.879,1.57656,1.57707,1.88,1.09
2011.04.21 16:12:40.100,1.57657,1.57709,1.50,1.09
2011.04.21 16:12:41.324,1.57658,1.57713,1.13,3.34
2011.04.21 16:12:43.428,1.57662,1.57709,1.09,1.84
2011.04.21 16:12:45.300,1.57666,1.57709,1.09,1.84
2011.04.21 16:12:45.520,1.57672,1.57718,1.84,2.31
2011.04.21 16:12:47.498,1.5767,1.57723,1.69,1.38
2011.04.21 16:12:47.608,1.57678,1.57725,1.35,1.34
2011.04.21 16:12:47.939,1.57664,1.57713,2.59,1.84
2011.04.21 16:12:50.260,1.57671,1.57717,1.84,2.59
2011.04.21 16:12:52.520,1.5767,1.57717,1.35,1.09
2011.04.21 16:12:52.629,1.57665,1.57717,1.47,1.09
2011.04.21 16:12:59.488,1.57667,1.57718,1.09,1.60
2011.04.21 16:13:00.368,1.57671,1.57721,1.69,1.34
2011.04.21 16:13:01.310,1.57679,1.57723,1.35,1.71
2011.04.21 16:13:01.419,1.57679,1.5773,1.35,2.46
2011.04.21 16:13:01.528,1.57679,1.57731,1.69,1.71
2011.04.21 16:13:01.859,1.57679,1.57731,1.69,1.34
2011.04.21 16:13:02.079,1.57681,1.57726,1.84,1.84
2011.04.21 16:13:02.409,1.57678,1.57716,1.69,1.09
2011.04.21 16:13:02.739,1.5767,1.57711,1.09,1.84
2011.04.21 16:13:03.331,1.5767,1.57722,1.09,1.69
2011.04.21 16:13:04.368,1.57669,1.57719,1.13,1.35
2011.04.21 16:13:05.468,1.57669,1.57719,1.13,1.69
2011.04.21 16:13:05.799,1.57659,1.57714,1.13,1.35
2011.04.21 16:13:05.909,1.57665,1.57714,1.09,1.69
2011.04.21 16:13:07.270,1.57659,1.5771,1.09,1.84
2011.04.21 16:13:13.872,1.57665,1.57709,1.84,1.09
2011.04.21 16:13:14.198,1.5766,1.57707,3.19,1.84
2011.04.21 16:13:16.071,1.5766,1.57713,1.84,3.94
2011.04.21 16:13:18.798,1.57671,1.57713,1.84,2.59
2011.04.21 16:13:21.572,1.5768,1.57719,1.84,1.84
2011.04.21 16:13:21.898,1.5768,1.57723,1.84,2.59
2011.04.21 16:13:22.119,1.57686,1.57728,1.84,2.44
2011.04.21 16:13:22.449,1.57702,1.57733,1.84,1.35
2011.04.21 16:13:22.560,1.57702,1.57742,1.84,2.10
2011.04.21 16:13:22.669,1.57702,1.57742,1.84,1.35
2011.04.21 16:13:22.779,1.57702,1.57747,1.84,1.09
2011.04.21 16:13:23.549,1.57694,1.57747,1.09,1.09
2011.04.21 16:13:23.770,1.57693,1.57742,1.47,1.35
2011.04.21 16:13:24.520,1.57693,1.57743,1.13,1.09
2011.04.21 16:13:25.067,1.57693,1.57745,1.13,1.69
2011.04.21 16:13:25.329,1.5769,1.57744,2.07,1.09
2011.04.21 16:13:25.440,1.57691,1.57744,1.09,1.09
2011.04.21 16:13:25.959,1.57699,1.57745,1.47,1.09
2011.04.21 16:13:26.072,1.57695,1.57746,2.07,1.09
2011.04.21 16:13:38.440,1.57689,1.57745,2.10,1.35
2011.04.21 16:13:38.749,1.57696,1.57752,1.35,2.46
2011.04.21 16:13:39.409,1.57693,1.57748,1.35,2.44
2011.04.21 16:13:39.738,1.57683,1.5774,1.69,1.69
2011.04.21 16:13:42.550,1.57688,1.5774,1.13,2.31
2011.04.21 16:13:42.879,1.57689,1.57733,1.09,1.35
2011.04.21 16:13:43.099,1.57689,1.57737,1.47,1.69
2011.04.21 16:13:44.528,1.57688,1.57738,1.13,2.10
2011.04.21 16:13:45.078,1.57689,1.57741,1.13,1.34
2011.04.21 16:13:45.868,1.57688,1.57742,1.13,2.09
2011.04.21 16:13:46.438,1.57689,1.57741,1.13,1.34
2011.04.21 16:13:48.500,1.57689,1.57742,1.73,1.47
2011.04.21 16:13:48.610,1.57687,1.57741,1.35,1.71
2011.04.21 16:13:48.940,1.57683,1.5774,1.35,3.06
2011.04.21 16:13:49.708,1.57683,1.57736,1.35,1.71
2011.04.21 16:13:50.314,1.57683,1.57731,1.35,1.38
2011.04.21 16:13:50.808,1.57683,1.57734,1.35,1.71
2011.04.21 16:13:51.660,1.57683,1.57733,1.35,1.34
2011.04.21 16:13:57.069,1.57676,1.57731,2.10,2.10
2011.04.21 16:13:57.630,1.57676,1.57731,1.35,3.10
2011.04.21 16:13:58.218,1.57676,1.57731,1.35,3.10
2011.04.21 16:13:59.495,1.57681,1.57733,1.35,2.84
2011.04.21 16:13:59.601,1.57682,1.57736,1.09,2.07
2011.04.21 16:14:00.038,1.57689,1.57737,1.35,1.34
2011.04.21 16:14:00.259,1.57684,1.57737,1.35,1.34
2011.04.21 16:14:01.117,1.57683,1.57737,1.69,1.34
2011.04.21 16:14:03.388,1.57683,1.57738,1.35,1.09
2011.04.21 16:14:06.839,1.57685,1.57741,1.35,2.44
2011.04.21 16:14:10.190,1.57685,1.57741,1.69,2.44
2011.04.21 16:14:10.739,1.57685,1.57739,1.69,1.09
2011.04.21 16:14:11.472,1.57687,1.57735,1.35,1.38
2011.04.21 16:14:12.028,1.57683,1.57734,1.09,1.38
2011.04.21 16:14:15.718,1.57684,1.57735,2.07,1.13
2011.04.21 16:14:16.794,1.57684,1.57734,1.09,1.88
2011.04.21 16:14:20.860,1.57684,1.57733,1.09,1.09
2011.04.21 16:14:29.289,1.57685,1.57728,1.84,1.84
2011.04.21 16:14:30.689,1.5769,1.57733,1.84,1.84
2011.04.21 16:14:40.298,1.57689,1.57741,1.69,1.09
2011.04.21 16:14:40.629,1.57689,1.57741,1.35,1.09
2011.04.21 16:14:41.498,1.57689,1.57738,1.35,1.09
2011.04.21 16:14:41.939,1.57692,1.57745,1.35,1.09
2011.04.21 16:14:42.269,1.57696,1.57744,1.35,1.09
2011.04.21 16:14:43.668,1.57696,1.57746,1.35,1.75
2011.04.21 16:14:44.515,1.57696,1.57746,1.35,1.75
2011.04.21 16:14:48.058,1.57696,1.57749,1.35,1.34
2011.04.21 16:14:48.169,1.577,1.57744,1.35,1.84
2011.04.21 16:14:48.278,1.5769,1.57744,2.10,1.84
2011.04.21 16:14:48.389,1.5769,1.57743,1.35,1.09
2011.04.21 16:14:49.049,1.57694,1.57744,1.35,2.59
2011.04.21 16:14:49.610,1.57696,1.57744,1.35,1.09
2011.04.21 16:14:53.339,1.57691,1.57744,1.35,1.09
2011.04.21 16:15:01.090,1.57691,1.57744,1.35,1.71
2011.04.21 16:15:01.529,1.57685,1.57743,1.09,2.35
2011.04.21 16:15:02.559,1.57685,1.5774,1.09,1.38
2011.04.21 16:15:03.108,1.57685,1.57743,1.09,1.73
2011.04.21 16:15:03.218,1.57691,1.57744,1.35,1.71
2011.04.21 16:15:04.778,1.57691,1.57744,1.35,1.71
2011.04.21 16:15:07.208,1.57691,1.57744,1.35,1.09
2011.04.21 16:15:26.630,1.57687,1.57741,1.35,1.38
2011.04.21 16:15:26.741,1.57692,1.57747,1.35,1.71
2011.04.21 16:15:26.849,1.57688,1.57744,1.35,1.09
2011.04.21 16:15:27.845,1.57687,1.57744,1.35,2.44
2011.04.21 16:15:28.889,1.57686,1.57743,1.69,1.50
2011.04.21 16:15:29.328,1.57686,1.57743,1.69,1.50
2011.04.21 16:15:30.520,1.57686,1.57744,1.69,1.09
2011.04.21 16:15:30.629,1.57695,1.57744,1.35,1.09
2011.04.21 16:15:33.088,1.57687,1.57744,1.35,2.44
2011.04.21 16:15:33.308,1.57687,1.57736,1.69,1.84
2011.04.21 16:15:45.559,1.57686,1.57734,1.35,2.22
2011.04.21 16:15:45.670,1.57661,1.57717,1.69,1.13
2011.04.21 16:15:46.218,1.57669,1.57723,1.69,1.75
2011.04.21 16:15:46.328,1.57671,1.57723,1.84,2.09
2011.04.21 16:15:48.421,1.57669,1.57723,1.35,1.75
2011.04.21 16:15:48.639,1.5766,1.57723,2.59,2.73
2011.04.21 16:15:48.750,1.5766,1.57708,1.09,1.35
2011.04.21 16:15:48.860,1.57659,1.5772,1.84,1.38
2011.04.21 16:15:49.079,1.57656,1.57719,2.22,1.38
2011.04.21 16:15:49.639,1.5766,1.57708,1.09,1.35
2011.04.21 16:15:49.751,1.57655,1.57713,1.69,2.10
2011.04.21 16:15:49.860,1.57655,1.57715,1.69,2.44
2011.04.21 16:15:49.969,1.57655,1.5771,1.69,1.35
2011.04.21 16:15:51.939,1.57654,1.57709,2.82,1.35
2011.04.21 16:15:52.049,1.57654,1.57714,2.82,1.35
2011.04.21 16:15:53.258,1.57664,1.57719,1.35,1.71
2011.04.21 16:15:56.554,1.57663,1.57717,1.13,1.69
2011.04.21 16:15:56.880,1.57661,1.57716,2.10,1.09
2011.04.21 16:15:57.099,1.57664,1.57717,1.35,1.09
2011.04.21 16:15:57.809,1.57665,1.57717,1.35,1.09
2011.04.21 16:15:58.431,1.57665,1.57718,1.69,1.09
2011.04.21 16:15:59.239,1.57668,1.5772,1.09,2.09
2011.04.21 16:15:59.349,1.57668,1.5772,1.47,1.75
2011.04.21 16:15:59.569,1.5767,1.57721,1.35,1.75
2011.04.21 16:15:59.900,1.57664,1.57718,1.09,1.35
2011.04.21 16:16:00.339,1.5767,1.57725,1.35,2.10
2011.04.21 16:16:00.671,1.57666,1.57721,2.07,1.35
2011.04.21 16:16:01.171,1.57673,1.57718,1.13,1.35
2011.04.21 16:16:01.279,1.57675,1.57732,1.09,2.10
2011.04.21 16:16:01.389,1.57674,1.57732,1.47,1.35
2011.04.21 16:16:01.499,1.57677,1.57732,1.09,1.35
2011.04.21 16:16:01.608,1.57677,1.57734,2.44,1.73
2011.04.21 16:16:02.400,1.57679,1.57734,2.10,2.48
2011.04.21 16:16:02.931,1.57679,1.57734,2.10,1.73
2011.04.21 16:16:04.760,1.57679,1.5773,2.10,2.22
2011.04.21 16:16:05.091,1.57667,1.5772,1.50,1.69
2011.04.21 16:16:05.199,1.57666,1.5772,1.47,1.69
2011.04.21 16:16:05.309,1.57672,1.5772,1.09,1.69
2011.04.21 16:16:05.968,1.57673,1.5772,1.47,1.35
2011.04.21 16:16:06.860,1.57674,1.57724,1.13,1.35
2011.04.21 16:16:07.079,1.57673,1.57717,1.47,1.35
2011.04.21 16:16:07.189,1.57673,1.57721,1.47,1.35
2011.04.21 16:16:07.738,1.57675,1.5772,1.50,1.35
2011.04.21 16:16:08.179,1.57675,1.57733,1.50,1.09
2011.04.21 16:16:08.289,1.57675,1.57724,1.50,1.35
2011.04.21 16:16:14.230,1.57674,1.57724,2.25,1.35
2011.04.21 16:16:16.509,1.57674,1.57724,1.50,1.35
2011.04.21 16:16:28.239,1.57674,1.57724,1.50,1.35
2011.04.21 16:16:32.199,1.57675,1.57724,1.50,1.35
2011.04.21 16:16:37.049,1.57674,1.57729,3.60,2.85
2011.04.21 16:16:40.632,1.57675,1.57729,1.50,2.85
2011.04.21 16:16:41.219,1.57675,1.57729,1.50,2.85
2011.04.21 16:16:47.688,1.57674,1.57728,2.85,1.50
2011.04.21 16:16:49.574,1.57674,1.57728,2.85,1.50
2011.04.21 16:16:50.725,1.57674,1.57728,3.60,1.50
2011.04.21 16:16:53.668,1.57674,1.57728,3.60,1.50
2011.04.21 16:16:54.559,1.57674,1.57728,2.85,1.50
2011.04.21 16:16:54.889,1.57674,1.57724,1.84,1.35
2011.04.21 16:16:57.659,1.57675,1.57719,1.84,1.35
2011.04.21 16:16:57.768,1.57675,1.57723,1.84,1.35
2011.04.21 16:17:04.020,1.57675,1.57724,1.09,1.35
2011.04.21 16:17:04.678,1.57674,1.57724,1.50,1.69
2011.04.21 16:17:05.589,1.57668,1.57723,1.69,1.69
2011.04.21 16:17:06.360,1.57659,1.57722,1.88,1.35
2011.04.21 16:17:07.050,1.57659,1.57722,1.50,1.35
2011.04.21 16:17:08.837,1.57659,1.57722,2.63,2.10
2011.04.21 16:17:09.089,1.57659,1.57722,2.25,1.35
2011.04.21 16:17:09.419,1.57659,1.57722,1.50,2.10
2011.04.21 16:17:11.940,1.57659,1.57722,1.88,2.10
2011.04.21 16:17:12.635,1.57659,1.57722,2.63,2.10
2011.04.21 16:17:14.469,1.57674,1.57722,1.84,1.35
2011.04.21 16:17:14.689,1.57675,1.57727,1.69,1.09
2011.04.21 16:17:14.799,1.57675,1.57726,1.69,1.09
2011.04.21 16:17:18.265,1.57668,1.57719,1.84,1.09
2011.04.21 16:17:18.981,1.57659,1.57718,1.84,1.09
2011.04.21 16:17:19.201,1.57658,1.57717,1.13,1.09
2011.04.21 16:17:20.215,1.57656,1.57717,1.50,1.09
2011.04.21 16:17:20.569,1.57653,1.57713,1.13,1.09
2011.04.21 16:17:20.678,1.57656,1.57713,1.50,1.09
2011.04.21 16:17:21.389,1.57656,1.57713,1.50,1.09
2011.04.21 16:17:21.985,1.57656,1.57713,1.50,1.09
2011.04.21 16:17:26.088,1.57658,1.57713,1.13,1.09
2011.04.21 16:17:27.629,1.57658,1.57713,1.13,1.09
2011.04.21 16:17:30.580,1.57652,1.57714,1.13,1.09
2011.04.21 16:17:30.690,1.57651,1.57714,1.09,2.44
2011.04.21 16:17:31.200,1.57644,1.57708,1.09,1.13
2011.04.21 16:17:31.309,1.5764,1.57709,1.88,2.73
2011.04.21 16:17:31.419,1.5764,1.57703,1.50,1.35
2011.04.21 16:17:31.529,1.5764,1.57703,1.13,1.35
2011.04.21 16:17:31.969,1.57653,1.57698,1.13,1.35
2011.04.21 16:17:32.300,1.57653,1.57702,1.13,1.35
2011.04.21 16:17:33.059,1.57653,1.57702,1.13,1.35
2011.04.21 16:17:33.657,1.57654,1.57702,1.13,1.35
2011.04.21 16:17:47.769,1.57653,1.57703,1.13,1.35
2011.04.21 16:17:47.990,1.57653,1.57711,2.48,2.69
2011.04.21 16:17:48.606,1.57653,1.57709,2.48,1.75
2011.04.21 16:17:49.375,1.57653,1.57708,2.48,1.38
2011.04.21 16:17:50.079,1.57653,1.5771,2.48,1.98
2011.04.21 16:17:51.511,1.57659,1.5771,1.09,2.31
2011.04.21 16:17:55.460,1.57661,1.57714,2.10,1.13
2011.04.21 16:17:55.569,1.57661,1.57717,2.10,1.50
2011.04.21 16:17:55.789,1.57661,1.57716,1.35,1.75
2011.04.21 16:17:56.009,1.57657,1.57714,1.35,2.10
2011.04.21 16:17:59.825,1.57657,1.57713,2.10,1.50
2011.04.21 16:18:00.419,1.57657,1.57713,1.35,1.50
2011.04.21 16:18:00.748,1.57653,1.57706,1.09,1.69
2011.04.21 16:18:05.209,1.57653,1.57706,1.13,1.69
2011.04.21 16:18:06.649,1.57653,1.57706,1.13,1.69
2011.04.21 16:18:07.198,1.57653,1.57705,1.13,1.69
2011.04.21 16:18:08.075,1.57653,1.57705,1.13,1.69
2011.04.21 16:18:10.058,1.57653,1.57705,1.13,1.69
2011.04.21 16:18:10.169,1.57652,1.57698,1.09,1.35
2011.04.21 16:18:10.389,1.57675,1.57727,1.35,1.34
2011.04.21 16:18:10.608,1.57666,1.57722,2.44,1.69
2011.04.21 16:18:10.829,1.57669,1.57722,1.88,1.69
2011.04.21 16:18:11.898,1.57668,1.57722,1.50,1.69
2011.04.21 16:18:12.781,1.57669,1.57722,1.13,1.69
2011.04.21 16:18:14.728,1.5767,1.57716,1.50,1.35
2011.04.21 16:18:14.949,1.5767,1.57723,1.50,1.69
2011.04.21 16:18:15.500,1.5767,1.57722,1.50,1.69
2011.04.21 16:18:15.611,1.5767,1.57713,1.50,1.35
2011.04.21 16:18:15.829,1.57668,1.57717,1.50,1.13
2011.04.21 16:18:16.049,1.5767,1.57721,1.50,1.69
2011.04.21 16:18:16.489,1.57665,1.5772,1.69,1.09
2011.04.21 16:18:16.600,1.57669,1.5772,1.13,1.09
2011.04.21 16:18:16.819,1.57661,1.57717,1.09,1.35
2011.04.21 16:18:17.150,1.57665,1.5772,1.69,1.69
2011.04.21 16:18:17.369,1.57665,1.57715,1.69,1.84
2011.04.21 16:18:17.589,1.57668,1.57722,1.69,1.09
2011.04.21 16:18:18.759,1.57669,1.57721,1.09,1.09
2011.04.21 16:18:18.869,1.57673,1.57721,1.09,1.09
2011.04.21 16:18:23.699,1.57674,1.57716,1.88,1.35
2011.04.21 16:18:24.248,1.57676,1.57724,1.09,1.69
2011.04.21 16:18:24.800,1.57675,1.57721,1.84,1.84
2011.04.21 16:18:25.019,1.57672,1.5772,1.84,1.69
2011.04.21 16:18:27.759,1.57677,1.5772,1.09,1.35
2011.04.21 16:18:27.869,1.57679,1.57736,1.69,1.34
2011.04.21 16:18:28.089,1.57682,1.57732,1.09,1.34
2011.04.21 16:18:29.339,1.57684,1.57736,2.59,1.38
2011.04.21 16:18:29.669,1.57684,1.57727,1.84,1.35
2011.04.21 16:18:29.889,1.5768,1.57727,3.10,1.35
2011.04.21 16:18:30.109,1.57683,1.57732,1.47,1.34
2011.04.21 16:18:30.330,1.57683,1.57736,3.34,1.38
2011.04.21 16:18:32.499,1.57703,1.57739,1.84,1.98
2011.04.21 16:18:32.610,1.57703,1.57739,1.84,1.35
2011.04.21 16:18:34.081,1.57703,1.57738,1.84,1.35
2011.04.21 16:18:36.841,1.57693,1.57738,1.50,1.35
2011.04.21 16:18:39.208,1.57693,1.57735,1.50,1.35
2011.04.21 16:18:39.319,1.57693,1.57738,2.76,1.35
2011.04.21 16:18:39.870,1.57689,1.57738,2.25,1.35
2011.04.21 16:18:39.980,1.57698,1.57743,1.13,1.35
2011.04.21 16:18:40.089,1.57698,1.57746,1.13,1.35
2011.04.21 16:18:40.309,1.57696,1.57746,2.76,1.35
2011.04.21 16:18:40.530,1.57696,1.57748,2.76,2.10
2011.04.21 16:18:40.749,1.57698,1.57748,2.76,2.10
2011.04.21 16:18:42.449,1.57699,1.57748,1.13,2.85
2011.04.21 16:18:42.669,1.57698,1.57748,1.13,2.85
2011.04.21 16:18:43.720,1.57698,1.57748,1.13,2.85
2011.04.21 16:18:45.073,1.57697,1.57747,1.88,2.10
2011.04.21 16:18:45.650,1.57698,1.57747,2.25,2.10
2011.04.21 16:18:45.979,1.57696,1.57747,2.76,2.10
2011.04.21 16:18:47.874,1.57696,1.57747,2.76,1.35
2011.04.21 16:18:48.109,1.57698,1.57747,2.38,1.35
2011.04.21 16:18:48.658,1.57697,1.57749,1.63,2.10
2011.04.21 16:18:49.099,1.57704,1.57755,1.50,1.50
2011.04.21 16:18:49.210,1.57705,1.57758,1.13,2.85
2011.04.21 16:18:49.818,1.57702,1.57756,1.13,1.35
2011.04.21 16:18:49.928,1.57698,1.57756,2.10,1.35
2011.04.21 16:18:50.038,1.57703,1.57756,1.50,1.35
2011.04.21 16:18:51.699,1.57706,1.57762,1.35,1.50
2011.04.21 16:18:52.458,1.57706,1.57762,2.10,1.50
2011.04.21 16:18:53.109,1.57706,1.57763,2.48,2.10
2011.04.21 16:18:53.328,1.57714,1.57766,1.35,2.13
2011.04.21 16:18:53.438,1.57714,1.57766,1.35,1.38
2011.04.21 16:18:54.009,1.57714,1.5777,1.35,1.50
2011.04.21 16:18:54.119,1.57714,1.57771,1.35,2.10
2011.04.21 16:18:54.668,1.57714,1.57769,1.35,1.35
2011.04.21 16:18:54.889,1.57718,1.57769,1.84,2.44
2011.04.21 16:18:57.530,1.57715,1.57764,1.13,1.84
2011.04.21 16:18:57.640,1.57706,1.57761,3.57,1.69
2011.04.21 16:18:59.869,1.57711,1.57761,1.47,1.69
2011.04.21 16:18:59.979,1.57712,1.57761,1.09,1.35
2011.04.21 16:19:00.199,1.57715,1.57769,1.13,2.44
2011.04.21 16:19:00.489,1.57714,1.57769,1.69,2.44
2011.04.21 16:19:00.602,1.57714,1.57761,1.35,1.09
2011.04.21 16:19:00.709,1.57707,1.57761,1.09,2.44
2011.04.21 16:19:00.929,1.57707,1.57761,1.09,2.44
2011.04.21 16:19:01.150,1.57722,1.57775,1.35,1.47
2011.04.21 16:19:01.261,1.57722,1.57769,1.35,1.09
2011.04.21 16:19:01.370,1.57714,1.57769,1.69,3.06
2011.04.21 16:19:02.779,1.57715,1.57769,1.35,1.71
2011.04.21 16:19:04.170,1.57708,1.57763,1.69,1.69
2011.04.21 16:19:04.979,1.57708,1.57763,2.44,1.69
2011.04.21 16:19:05.198,1.57713,1.57763,1.13,1.69
2011.04.21 16:19:05.419,1.57713,1.57763,1.13,1.69
2011.04.21 16:19:05.930,1.57714,1.57763,1.13,1.69
2011.04.21 16:19:06.259,1.57718,1.57763,1.09,1.69
2011.04.21 16:19:06.808,1.57716,1.57766,1.09,1.84
2011.04.21 16:19:10.840,1.57716,1.57772,2.59,1.94
2011.04.21 16:19:20.988,1.57716,1.57772,1.09,1.35
2011.04.21 16:19:21.429,1.57725,1.57778,1.35,1.75
2011.04.21 16:19:29.349,1.5772,1.57778,1.69,2.35
2011.04.21 16:19:29.679,1.57725,1.57778,1.35,1.75
2011.04.21 16:19:29.899,1.57716,1.57774,4.69,1.35
2011.04.21 16:19:30.120,1.57725,1.57779,1.35,2.13
2011.04.21 16:19:32.950,1.57725,1.57778,1.35,1.75
2011.04.21 16:19:33.599,1.57719,1.57776,1.69,1.38
2011.04.21 16:19:33.819,1.57716,1.57771,2.44,2.10
2011.04.21 16:19:33.929,1.57716,1.57771,2.10,2.10
2011.04.21 16:19:34.481,1.57716,1.57769,1.13,1.35
2011.04.21 16:19:35.021,1.57713,1.57767,1.13,1.35
2011.04.21 16:19:35.530,1.57713,1.57767,1.13,1.35
2011.04.21 16:19:36.180,1.57714,1.57767,1.13,1.35
2011.04.21 16:19:38.979,1.57711,1.57767,1.35,1.35
2011.04.21 16:19:39.368,1.57711,1.57767,1.73,1.35
2011.04.21 16:19:42.641,1.57713,1.57767,1.13,2.10
2011.04.21 16:19:43.201,1.57713,1.57763,1.13,2.10
2011.04.21 16:19:43.529,1.5771,1.57763,1.95,2.10
2011.04.21 16:19:43.639,1.57722,1.57779,1.35,1.69
2011.04.21 16:19:43.859,1.57714,1.57771,2.85,1.35
2011.04.21 16:19:44.189,1.57723,1.57776,1.13,1.69
2011.04.21 16:19:44.520,1.57723,1.57776,1.88,1.69
2011.04.21 16:19:45.140,1.57724,1.57776,1.13,1.69
2011.04.21 16:19:46.884,1.57724,1.57771,1.13,1.35
2011.04.21 16:19:47.109,1.57724,1.57771,1.50,1.35
2011.04.21 16:19:47.670,1.57724,1.57771,1.88,1.35
2011.04.21 16:19:48.219,1.57725,1.57771,1.13,1.35
2011.04.21 16:19:52.699,1.57726,1.57771,1.13,1.35
2011.04.21 16:19:52.811,1.57714,1.57771,2.10,1.35
2011.04.21 16:19:52.920,1.57716,1.57771,1.13,2.73
2011.04.21 16:19:53.553,1.57719,1.57771,1.13,1.73
2011.04.21 16:19:54.049,1.57719,1.57771,1.13,2.48
2011.04.21 16:19:54.158,1.57719,1.57771,1.13,1.73
2011.04.21 16:19:54.468,1.57719,1.57771,1.13,2.48
2011.04.21 16:19:56.098,1.57719,1.57771,1.13,2.73
2011.04.21 16:19:56.968,1.57719,1.57771,1.50,2.10
2011.04.21 16:19:57.298,1.57719,1.57771,1.13,2.48
2011.04.21 16:19:57.409,1.57716,1.57771,1.13,2.35
2011.04.21 16:19:57.739,1.57715,1.5777,1.84,1.09
2011.04.21 16:20:04.971,1.57716,1.5777,1.84,1.35
2011.04.21 16:20:05.081,1.57724,1.57775,1.09,1.09
2011.04.21 16:20:05.189,1.57726,1.57778,1.50,1.69
2011.04.21 16:20:05.299,1.57726,1.5777,1.50,1.35
2011.04.21 16:20:05.521,1.57715,1.5777,2.85,1.69
2011.04.21 16:20:05.629,1.57715,1.5777,2.10,1.69
2011.04.21 16:20:06.804,1.57715,1.5777,2.10,1.69
2011.04.21 16:20:07.650,1.57718,1.57773,1.13,2.44
2011.04.21 16:20:08.199,1.57716,1.57768,1.50,1.09
2011.04.21 16:20:09.269,1.57717,1.57768,2.59,1.09
2011.04.21 16:20:18.539,1.5773,1.5777,1.84,1.35
2011.04.21 16:20:18.760,1.57725,1.57774,1.47,1.69
2011.04.21 16:20:20.960,1.57732,1.57775,1.13,1.84
2011.04.21 16:20:21.491,1.57733,1.57775,2.25,1.84
2011.04.21 16:20:22.175,1.57732,1.57775,1.13,1.84
2011.04.21 16:20:22.620,1.57727,1.57775,1.09,1.84
2011.04.21 16:20:23.225,1.57722,1.57776,2.59,1.35
2011.04.21 16:20:23.344,1.57734,1.57789,1.69,2.44
2011.04.21 16:20:30.874,1.57742,1.57789,1.84,2.44
2011.04.21 16:20:34.480,1.57734,1.57786,1.69,1.84
2011.04.21 16:20:38.858,1.57738,1.57788,1.84,1.09
2011.04.21 16:20:46.895,1.57735,1.57789,1.69,1.09
2011.04.21 16:20:49.190,1.57737,1.57788,1.09,1.84
2011.04.21 16:20:49.520,1.57739,1.57788,1.13,1.84
2011.04.21 16:20:52.439,1.57738,1.57788,1.13,1.09
2011.04.21 16:20:53.635,1.57738,1.57788,1.13,1.09
2011.04.21 16:20:56.918,1.57738,1.57787,1.13,1.09
2011.04.21 16:20:57.139,1.57733,1.57784,1.69,1.50
2011.04.21 16:20:57.250,1.5773,1.57781,1.84,1.69
2011.04.21 16:20:57.579,1.57726,1.57781,1.69,2.44
2011.04.21 16:20:58.461,1.5773,1.57787,1.35,2.69
2011.04.21 16:20:58.572,1.57725,1.57779,1.84,1.69
2011.04.21 16:21:11.568,1.57727,1.57783,1.09,1.69
2011.04.21 16:21:11.898,1.57726,1.57783,3.19,1.35
2011.04.21 16:21:12.009,1.57726,1.57783,1.69,1.69
2011.04.21 16:21:18.679,1.57725,1.5778,1.84,1.35
2011.04.21 16:21:19.169,1.57725,1.57778,1.09,1.35
2011.04.21 16:21:19.389,1.57725,1.5778,1.84,1.35
2011.04.21 16:21:20.000,1.57727,1.57782,1.35,1.69
2011.04.21 16:21:22.410,1.57727,1.57782,1.35,2.07
2011.04.21 16:21:22.739,1.57726,1.57778,1.35,1.71
2011.04.21 16:21:23.290,1.57726,1.57777,1.35,1.34
2011.04.21 16:21:23.792,1.57726,1.57781,1.35,1.69
2011.04.21 16:21:37.649,1.57734,1.57782,1.35,1.34
2011.04.21 16:21:38.650,1.57734,1.57782,1.35,1.34
2011.04.21 16:21:40.559,1.57734,1.57786,1.35,1.34
2011.04.21 16:21:42.179,1.57738,1.57788,1.84,1.09
2011.04.21 16:21:46.758,1.57734,1.57784,1.69,1.84
2011.04.21 16:21:48.200,1.57735,1.57789,1.84,4.69
2011.04.21 16:22:04.813,1.57734,1.57788,1.69,1.84
2011.04.21 16:22:08.619,1.57738,1.57788,1.84,1.13
2011.04.21 16:22:09.299,1.57738,1.57789,1.84,1.35
2011.04.21 16:22:09.959,1.57738,1.57793,3.19,1.09
2011.04.21 16:22:12.610,1.57738,1.5779,3.19,1.09
2011.04.21 16:22:12.939,1.57738,1.57787,1.84,1.35
2011.04.21 16:22:13.048,1.5773,1.57787,1.84,1.69
2011.04.21 16:22:13.270,1.57728,1.57787,1.35,2.31
2011.04.21 16:22:14.599,1.57728,1.57783,1.35,1.09
2011.04.21 16:22:14.709,1.57724,1.57778,1.84,1.35
2011.04.21 16:22:16.140,1.57731,1.57778,1.50,1.35
2011.04.21 16:22:16.470,1.57744,1.57778,1.50,1.35
2011.04.21 16:22:16.582,1.57743,1.57784,2.25,1.35
2011.04.21 16:22:16.691,1.57744,1.57793,1.50,2.44
2011.04.21 16:22:17.750,1.57744,1.57793,1.84,2.44
2011.04.21 16:22:18.213,1.57744,1.57791,1.09,1.09
2011.04.21 16:22:18.714,1.57743,1.57791,1.84,1.09
2011.04.21 16:22:19.040,1.57735,1.57779,1.35,1.84
2011.04.21 16:22:19.590,1.5773,1.57776,1.09,1.84
2011.04.21 16:22:20.029,1.5774,1.57779,1.60,1.35
2011.04.21 16:22:20.731,1.57743,1.57782,2.59,1.69
2011.04.21 16:22:23.739,1.57744,1.5779,2.25,2.44
2011.04.21 16:22:27.658,1.57744,1.57795,1.09,1.35
2011.04.21 16:22:27.878,1.57744,1.57799,4.69,3.06
2011.04.21 16:22:28.820,1.57744,1.57799,3.94,3.06
2011.04.21 16:22:30.248,1.57744,1.57795,3.94,1.84
2011.04.21 16:22:31.349,1.57744,1.57787,1.88,1.84
2011.04.21 16:22:31.681,1.57735,1.57778,1.09,1.69
2011.04.21 16:22:34.229,1.57723,1.5778,1.09,2.44
2011.04.21 16:22:34.339,1.57724,1.5778,1.47,2.44
2011.04.21 16:22:34.670,1.57727,1.57774,1.09,1.35
2011.04.21 16:22:34.889,1.57727,1.57774,1.09,1.35
2011.04.21 16:22:34.999,1.57724,1.57774,2.25,1.69
2011.04.21 16:22:35.582,1.57728,1.57774,1.13,1.69
2011.04.21 16:22:36.234,1.57728,1.57774,1.13,2.44
2011.04.21 16:22:37.769,1.57724,1.57774,1.50,1.69
2011.04.21 16:22:38.390,1.57724,1.57771,1.50,1.09
2011.04.21 16:22:40.250,1.57724,1.57773,2.63,2.44
2011.04.21 16:22:40.858,1.57724,1.57771,2.63,1.09
2011.04.21 16:22:44.738,1.57724,1.57772,1.88,1.09
2011.04.21 16:22:45.248,1.57724,1.57771,2.63,1.09
2011.04.21 16:22:47.458,1.57725,1.57772,1.13,1.09
2011.04.21 16:22:47.569,1.57725,1.57772,1.13,1.09
2011.04.21 16:22:50.640,1.57728,1.57777,1.13,1.34
2011.04.21 16:22:50.969,1.57728,1.57782,1.13,2.10
2011.04.21 16:22:51.189,1.57728,1.57782,1.13,2.10
2011.04.21 16:22:52.930,1.57725,1.57773,1.09,2.10
2011.04.21 16:22:53.872,1.57725,1.57773,1.09,2.10
2011.04.21 16:22:54.541,1.57725,1.57773,1.09,2.10
2011.04.21 16:22:56.140,1.57725,1.57772,1.09,1.50
2011.04.21 16:22:59.871,1.57724,1.57773,1.84,2.85
2011.04.21 16:23:00.419,1.57724,1.57773,1.84,1.09
2011.04.21 16:23:00.751,1.57724,1.57769,1.09,1.38
2011.04.21 16:23:00.972,1.57715,1.57769,1.50,3.06
2011.04.21 16:23:01.519,1.57716,1.57761,1.50,1.35
2011.04.21 16:23:01.851,1.57715,1.57761,1.47,1.69
2011.04.21 16:23:08.380,1.57716,1.57758,1.47,1.09
2011.04.21 16:23:08.710,1.57716,1.57758,1.09,1.09
2011.04.21 16:23:28.010,1.57716,1.57763,1.50,3.19
2011.04.21 16:23:51.191,1.57716,1.57763,2.25,2.31
2011.04.21 16:23:51.520,1.57708,1.57756,2.44,1.84
2011.04.21 16:23:52.059,1.57715,1.57756,2.25,1.84
2011.04.21 16:23:52.990,1.57716,1.57756,1.13,1.84
2011.04.21 16:24:00.554,1.57715,1.57756,2.25,1.84
2011.04.21 16:24:02.342,1.57716,1.57756,1.13,1.84
2011.04.21 16:24:03.191,1.57715,1.57756,2.25,1.84
2011.04.21 16:24:06.590,1.57716,1.57756,1.13,1.84
2011.04.21 16:24:09.044,1.57715,1.57756,2.25,1.84
2011.04.21 16:24:09.616,1.57716,1.57756,1.13,1.84
2011.04.21 16:24:16.130,1.57715,1.57756,1.50,1.84
2011.04.21 16:24:17.970,1.57716,1.57756,1.13,1.84
2011.04.21 16:24:18.848,1.57715,1.57756,1.88,1.84
2011.04.21 16:24:19.403,1.57716,1.57756,1.13,1.84
2011.04.21 16:24:19.513,1.57703,1.57749,2.48,1.84
2011.04.21 16:24:19.731,1.57703,1.57741,1.13,1.84
2011.04.21 16:24:19.951,1.57704,1.57745,1.47,1.84
2011.04.21 16:24:20.510,1.57705,1.57745,1.09,1.84
2011.04.21 16:24:20.621,1.57703,1.57751,1.13,1.69
2011.04.21 16:24:27.640,1.57706,1.57753,1.13,1.09
2011.04.21 16:24:28.383,1.57705,1.57753,1.50,1.09
2011.04.21 16:24:29.140,1.57706,1.57753,1.13,1.09
2011.04.21 16:24:30.360,1.57705,1.57753,1.50,1.09
2011.04.21 16:24:30.700,1.57708,1.57753,1.13,1.09
2011.04.21 16:24:33.870,1.57698,1.57753,1.09,1.09
2011.04.21 16:24:33.979,1.57701,1.57753,1.13,1.09
2011.04.21 16:24:34.529,1.57698,1.57753,1.47,1.09
2011.04.21 16:24:34.639,1.57701,1.57753,1.09,1.09
2011.04.21 16:24:35.380,1.57705,1.57753,1.50,1.09
2011.04.21 16:24:42.749,1.57705,1.57752,1.50,1.34
2011.04.21 16:24:43.710,1.57705,1.57741,1.50,1.84
2011.04.21 16:24:43.930,1.57705,1.57746,1.84,1.84
2011.04.21 16:24:44.870,1.57705,1.57741,1.50,1.84
2011.04.21 16:24:45.090,1.57706,1.57747,1.09,1.84
2011.04.21 16:24:46.049,1.57705,1.57742,1.50,1.84
2011.04.21 16:24:49.772,1.57705,1.57742,1.50,1.84
2011.04.21 16:24:50.112,1.57705,1.57751,1.50,2.46
2011.04.21 16:24:50.680,1.57706,1.57753,1.84,2.09
2011.04.21 16:24:51.560,1.57705,1.57752,1.84,1.34
2011.04.21 16:24:56.960,1.57705,1.57749,1.13,3.44
2011.04.21 16:24:58.040,1.57708,1.57744,2.25,1.69
2011.04.21 16:24:58.261,1.57714,1.57753,1.50,1.69
2011.04.21 16:24:58.371,1.57711,1.57753,1.50,1.69
2011.04.21 16:24:58.479,1.57709,1.57753,1.13,1.69
2011.04.21 16:24:58.590,1.57714,1.57753,2.25,1.69
2011.04.21 16:24:59.510,1.57714,1.57755,1.13,1.09
2011.04.21 16:25:00.480,1.57714,1.57757,1.50,1.69
2011.04.21 16:25:00.590,1.57702,1.57757,2.79,1.69
2011.04.21 16:25:00.920,1.57709,1.57749,1.13,1.35
2011.04.21 16:25:01.140,1.57704,1.57749,1.88,1.35
2011.04.21 16:25:01.581,1.57704,1.57753,1.88,2.44
2011.04.21 16:25:01.800,1.57705,1.57753,1.13,2.44
2011.04.21 16:25:02.351,1.57708,1.57753,1.13,1.09
2011.04.21 16:25:02.570,1.57705,1.57753,1.13,1.69
2011.04.21 16:25:02.790,1.57708,1.57758,1.13,2.44
2011.04.21 16:25:03.342,1.57709,1.57753,1.13,1.69
2011.04.21 16:25:03.720,1.5771,1.57753,1.13,1.69
2011.04.21 16:25:04.050,1.57706,1.57753,1.13,1.69
2011.04.21 16:25:04.380,1.57706,1.57753,1.13,1.69
2011.04.21 16:25:04.490,1.57703,1.57753,1.13,1.69
2011.04.21 16:25:04.769,1.57701,1.57753,1.73,1.69
2011.04.21 16:25:05.947,1.57701,1.57753,1.09,1.69
2011.04.21 16:25:06.060,1.57701,1.57753,1.09,1.69
2011.04.21 16:25:06.960,1.57704,1.57753,1.13,1.69
2011.04.21 16:25:13.256,1.57708,1.57753,1.13,1.69
2011.04.21 16:25:13.590,1.57713,1.57753,1.88,1.69
2011.04.21 16:25:14.180,1.57716,1.57753,1.13,1.69
2011.04.21 16:25:14.773,1.57718,1.57753,1.50,1.35
2011.04.21 16:25:14.883,1.5772,1.57761,1.50,1.35
2011.04.21 16:25:15.960,1.57721,1.57766,1.50,1.69
2011.04.21 16:25:21.241,1.57719,1.57768,1.13,1.09
2011.04.21 16:25:21.352,1.57719,1.57759,1.13,1.09
2011.04.21 16:25:21.462,1.57712,1.57756,2.25,1.69
2011.04.21 16:25:21.792,1.5771,1.57756,1.13,1.69
2011.04.21 16:25:21.900,1.57712,1.57756,1.13,1.69
2011.04.21 16:25:22.350,1.57712,1.57756,1.13,1.35
2011.04.21 16:25:22.682,1.57713,1.57761,1.13,1.69
2011.04.21 16:25:22.901,1.57718,1.57761,1.13,1.69
2011.04.21 16:25:23.231,1.57714,1.57766,1.09,3.19
2011.04.21 16:25:23.560,1.57714,1.57759,1.13,1.84
2011.04.21 16:25:24.110,1.57712,1.57759,1.47,1.84
2011.04.21 16:25:24.220,1.57712,1.57759,1.47,1.84
2011.04.21 16:25:24.550,1.57714,1.57759,1.13,1.84
2011.04.21 16:25:26.301,1.57714,1.57754,1.13,1.84
2011.04.21 16:25:26.660,1.57709,1.57754,1.50,1.84
2011.04.21 16:25:27.320,1.57711,1.57754,1.88,1.84
2011.04.21 16:25:27.762,1.57712,1.57763,2.22,2.59
2011.04.21 16:25:27.870,1.57712,1.57755,1.88,1.84
2011.04.21 16:25:28.881,1.57711,1.57755,1.88,1.84
2011.04.21 16:25:29.440,1.57712,1.57755,1.13,1.84
2011.04.21 16:25:29.770,1.57714,1.57756,1.47,1.84
2011.04.21 16:25:29.880,1.57714,1.57761,1.47,1.69
2011.04.21 16:25:30.430,1.57714,1.57758,1.13,1.84
2011.04.21 16:25:31.081,1.57713,1.57758,1.13,1.84
2011.04.21 16:25:31.640,1.57713,1.57758,1.13,1.84
2011.04.21 16:25:32.190,1.57712,1.57758,1.09,1.84
2011.04.21 16:25:32.740,1.57712,1.57761,1.84,2.44
2011.04.21 16:25:32.852,1.57712,1.57761,1.84,1.69
2011.04.21 16:25:35.642,1.57714,1.57761,1.50,1.84
2011.04.21 16:25:35.970,1.57714,1.57761,1.88,1.84
2011.04.21 16:25:36.079,1.57716,1.57762,1.09,1.69
2011.04.21 16:25:38.401,1.57714,1.57762,1.50,3.19
2011.04.21 16:25:38.730,1.57717,1.57762,1.13,3.19
2011.04.21 16:25:39.280,1.57717,1.57762,1.50,3.19
2011.04.21 16:25:39.829,1.57714,1.57762,1.13,3.19
2011.04.21 16:25:43.257,1.57716,1.57762,1.50,3.19
2011.04.21 16:25:44.050,1.57716,1.57762,1.50,3.19
2011.04.21 16:25:44.970,1.57713,1.57762,1.13,1.84
2011.04.21 16:25:45.300,1.5771,1.57762,1.69,1.84
2011.04.21 16:25:46.162,1.57712,1.57762,1.47,1.84
2011.04.21 16:25:46.400,1.57713,1.57762,1.13,1.84
2011.04.21 16:25:47.641,1.57714,1.57762,1.13,1.84
2011.04.21 16:25:49.032,1.57712,1.57762,1.09,1.84
2011.04.21 16:25:49.621,1.57714,1.57756,1.84,1.84
2011.04.21 16:25:49.953,1.57713,1.57758,1.09,1.84
2011.04.21 16:25:50.172,1.57713,1.57758,1.09,1.69
2011.04.21 16:25:50.942,1.57716,1.5776,1.84,1.35
2011.04.21 16:25:51.822,1.57708,1.57758,2.22,1.69
2011.04.21 16:25:53.161,1.57715,1.57758,1.09,1.69
2011.04.21 16:25:53.490,1.57722,1.57758,1.84,1.35
2011.04.21 16:25:53.710,1.57729,1.57781,1.09,1.84
2011.04.21 16:25:53.820,1.57729,1.57781,1.47,1.84
2011.04.21 16:25:54.371,1.5773,1.57781,1.47,1.84
2011.04.21 16:25:55.123,1.5773,1.57778,2.59,1.84
2011.04.21 16:25:55.450,1.57729,1.57771,1.84,1.84
2011.04.21 16:25:58.341,1.57727,1.57767,1.09,1.84
2011.04.21 16:26:01.743,1.57726,1.57777,1.09,1.84
2011.04.21 16:26:08.710,1.57729,1.57777,1.84,1.84
2011.04.21 16:26:11.079,1.57729,1.5777,1.84,1.69
2011.04.21 16:26:11.519,1.57731,1.5777,1.13,1.69
2011.04.21 16:26:11.961,1.57726,1.57771,1.09,1.69
2011.04.21 16:26:13.266,1.57728,1.57771,3.38,1.35
2011.04.21 16:26:15.111,1.57729,1.57771,1.88,1.35
2011.04.21 16:26:16.960,1.57729,1.57774,1.88,1.69
2011.04.21 16:26:17.290,1.57731,1.57774,1.13,1.69
2011.04.21 16:26:22.821,1.57733,1.57774,1.13,1.35
2011.04.21 16:26:22.932,1.57733,1.57783,1.13,1.35
2011.04.21 16:26:23.041,1.57732,1.57776,1.13,1.35
2011.04.21 16:26:23.262,1.57728,1.57776,1.50,1.35
2011.04.21 16:26:23.370,1.57732,1.57778,1.13,1.35
2011.04.21 16:26:23.590,1.57732,1.57776,1.13,1.35
2011.04.21 16:26:24.206,1.57733,1.57776,1.13,1.35
2011.04.21 16:26:24.680,1.57734,1.57784,1.13,2.10
2011.04.21 16:26:24.791,1.57734,1.57784,1.09,2.10
2011.04.21 16:26:25.340,1.57733,1.57784,1.84,1.35
2011.04.21 16:26:26.071,1.57736,1.57784,1.09,2.10
2011.04.21 16:26:27.050,1.57733,1.57784,1.09,2.10
2011.04.21 16:26:27.630,1.57736,1.57784,1.09,2.10
2011.04.21 16:26:29.990,1.57736,1.57784,1.09,2.10
2011.04.21 16:26:30.322,1.57734,1.57775,1.09,1.35
2011.04.21 16:26:30.542,1.57729,1.57783,1.09,1.35
2011.04.21 16:26:30.651,1.57736,1.57788,1.09,1.69
2011.04.21 16:26:30.761,1.57736,1.57783,1.47,1.35
2011.04.21 16:26:31.309,1.57736,1.57783,1.09,1.35
2011.04.21 16:26:32.248,1.57736,1.57783,1.09,1.35
2011.04.21 16:26:33.660,1.57737,1.57783,1.13,1.35
2011.04.21 16:26:34.100,1.57731,1.57783,1.09,1.35
2011.04.21 16:26:35.150,1.57734,1.57783,1.47,1.35
2011.04.21 16:26:37.650,1.57736,1.57783,1.13,1.69
2011.04.21 16:26:37.871,1.57734,1.57783,1.13,1.69
2011.04.21 16:26:39.489,1.57745,1.57783,1.84,1.35
2011.04.21 16:26:40.021,1.57745,1.57788,1.84,1.09
2011.04.21 16:26:48.660,1.57745,1.57784,1.84,1.09
2011.04.21 16:26:48.991,1.57735,1.57783,1.09,2.44
2011.04.21 16:26:54.402,1.57735,1.57775,1.09,1.84
2011.04.21 16:26:55.830,1.57728,1.57769,1.84,1.84
2011.04.21 16:26:58.772,1.57741,1.57776,1.84,2.44
2011.04.21 16:26:59.101,1.57735,1.57777,1.84,2.22
2011.04.21 16:26:59.321,1.57731,1.57771,1.84,1.84
2011.04.21 16:27:02.252,1.57723,1.57766,1.84,1.84
2011.04.21 16:27:03.240,1.5772,1.57767,1.09,1.69
2011.04.21 16:27:04.891,1.57718,1.57758,1.09,1.35
2011.04.21 16:27:05.222,1.5772,1.57767,1.09,2.44
2011.04.21 16:27:11.081,1.57723,1.57766,1.84,1.84
2011.04.21 16:27:12.000,1.57716,1.57768,1.09,2.31
2011.04.21 16:27:14.101,1.57715,1.57768,1.09,1.73
2011.04.21 16:27:14.639,1.57715,1.57768,1.84,1.35
2011.04.21 16:27:14.751,1.57715,1.57768,1.84,1.98
2011.04.21 16:27:16.152,1.57715,1.57766,1.50,1.34
2011.04.21 16:27:17.242,1.57721,1.57767,1.09,1.34
2011.04.21 16:27:17.570,1.57722,1.57764,1.09,1.84
2011.04.21 16:27:17.900,1.5772,1.57767,3.19,1.34
2011.04.21 16:27:18.450,1.57716,1.57766,1.09,2.84
2011.04.21 16:27:28.750,1.57715,1.57757,1.50,1.84
2011.04.21 16:27:29.760,1.57716,1.57762,1.50,1.69
2011.04.21 16:27:35.490,1.57716,1.57762,1.88,1.35
2011.04.21 16:27:35.711,1.57715,1.57767,2.48,1.34
2011.04.21 16:27:37.000,1.57716,1.57766,1.13,1.34
2011.04.21 16:27:37.950,1.57717,1.57766,1.50,1.71
2011.04.21 16:27:38.611,1.57715,1.57766,1.73,2.09
2011.04.21 16:27:38.722,1.57715,1.57761,1.35,1.38
2011.04.21 16:27:39.271,1.57712,1.57757,1.09,1.34
2011.04.21 16:28:32.510,1.57717,1.57762,1.84,1.69
2011.04.21 16:28:33.294,1.57712,1.57759,1.47,1.09
2011.04.21 16:28:37.991,1.57717,1.57769,1.84,2.44
2011.04.21 16:28:40.500,1.57714,1.57769,1.69,2.44
2011.04.21 16:28:50.721,1.57712,1.57766,1.84,1.35
2011.04.21 16:28:51.381,1.5771,1.57757,1.09,1.35
2011.04.21 16:28:52.660,1.57711,1.57762,1.09,1.35
2011.04.21 16:28:54.880,1.57708,1.57762,1.13,1.69
2011.04.21 16:28:55.432,1.57709,1.57761,1.13,1.09
2011.04.21 16:28:55.730,1.57709,1.57762,1.13,1.35
2011.04.21 16:28:55.952,1.57709,1.57766,1.13,1.50
2011.04.21 16:28:56.171,1.5771,1.57761,1.13,1.35
2011.04.21 16:28:56.500,1.5771,1.57761,1.09,1.69
2011.04.21 16:28:57.198,1.57711,1.57759,1.50,1.09
2011.04.21 16:28:57.422,1.57706,1.57762,1.47,2.82
2011.04.21 16:29:04.490,1.57712,1.57762,1.84,1.69
2011.04.21 16:29:10.242,1.57709,1.57758,2.22,1.84
2011.04.21 16:29:10.461,1.57705,1.57758,1.09,1.84
2011.04.21 16:29:10.571,1.57702,1.57751,1.47,1.84
2011.04.21 16:29:11.891,1.57704,1.57751,2.59,3.19
2011.04.21 16:29:12.126,1.57705,1.57751,1.09,1.69
2011.04.21 16:29:18.762,1.5771,1.57762,1.09,2.69
2011.04.21 16:29:21.162,1.57706,1.57753,1.50,1.09
2011.04.21 16:29:21.711,1.57705,1.57751,2.35,1.35
2011.04.21 16:29:22.260,1.57705,1.57756,2.35,1.09
2011.04.21 16:29:22.481,1.57708,1.5776,1.13,1.69
2011.04.21 16:29:22.811,1.5771,1.57751,1.13,1.35
2011.04.21 16:29:23.031,1.57707,1.57751,1.13,1.35
2011.04.21 16:29:23.251,1.57705,1.57751,1.60,1.35
2011.04.21 16:29:24.037,1.57705,1.57751,1.47,1.35
2011.04.21 16:29:25.351,1.57706,1.57751,1.88,1.35
2011.04.21 16:29:26.768,1.57707,1.57751,1.88,1.35
2011.04.21 16:29:27.330,1.57703,1.57751,1.47,1.69
2011.04.21 16:29:28.553,1.57704,1.57751,3.38,1.69
2011.04.21 16:29:29.100,1.57704,1.57751,1.88,1.69
2011.04.21 16:29:30.330,1.57706,1.57751,1.50,1.69
2011.04.21 16:29:30.773,1.57707,1.57751,1.84,1.35
2011.04.21 16:29:30.882,1.57707,1.57753,1.84,1.35
2011.04.21 16:29:30.993,1.57707,1.57758,1.84,1.09
2011.04.21 16:29:31.211,1.57704,1.57755,1.84,1.84
2011.04.21 16:29:35.241,1.57706,1.57755,1.09,1.84
2011.04.21 16:29:36.271,1.57705,1.57755,1.47,1.84
2011.04.21 16:29:36.821,1.57705,1.57753,1.09,1.09
2011.04.21 16:29:37.041,1.57706,1.57756,1.09,1.09
2011.04.21 16:29:37.591,1.57705,1.57751,1.09,1.35
2011.04.21 16:29:38.471,1.57706,1.57754,1.09,1.35
2011.04.21 16:29:39.440,1.57704,1.57757,1.84,1.09
2011.04.21 16:29:42.821,1.57706,1.57756,1.09,1.71
2011.04.21 16:29:43.152,1.57701,1.57748,1.84,2.44
2011.04.21 16:29:45.891,1.57701,1.57748,1.84,1.09
2011.04.21 16:29:46.332,1.57703,1.57752,1.50,1.35
2011.04.21 16:29:46.553,1.57695,1.57752,1.69,2.10
2011.04.21 16:29:47.173,1.57698,1.57752,1.47,1.35
2011.04.21 16:29:48.191,1.57701,1.57753,2.10,1.34
2011.04.21 16:29:49.067,1.57701,1.57753,1.35,2.09
2011.04.21 16:29:49.641,1.57701,1.57754,1.35,1.34
2011.04.21 16:29:49.971,1.57701,1.57749,3.19,1.09
2011.04.21 16:29:54.550,1.57701,1.57749,3.19,1.09
2011.04.21 16:29:56.026,1.57701,1.57752,3.19,1.09
2011.04.21 16:30:02.751,1.57701,1.57741,1.69,1.84
2011.04.21 16:30:02.971,1.57696,1.57749,2.48,1.09
2011.04.21 16:30:03.301,1.57693,1.57743,2.25,1.69
2011.04.21 16:30:03.522,1.57692,1.57738,2.76,1.09
2011.04.21 16:30:04.071,1.57691,1.5774,1.50,1.84
2011.04.21 16:30:04.452,1.57688,1.5774,1.47,1.84
2011.04.21 16:30:05.001,1.57686,1.57738,1.09,1.69
2011.04.21 16:30:08.341,1.57688,1.57727,1.50,1.84
2011.04.21 16:30:08.781,1.57687,1.57727,1.13,1.84
2011.04.21 16:30:08.891,1.57684,1.57732,2.59,1.84
2011.04.21 16:30:12.761,1.57678,1.57725,2.07,1.84
2011.04.21 16:30:13.450,1.57678,1.57731,2.10,1.71
2011.04.21 16:30:14.490,1.57686,1.57731,1.35,1.71
2011.04.21 16:30:14.600,1.57686,1.57734,1.69,1.34
2011.04.21 16:30:14.931,1.57686,1.57741,1.69,1.09
2011.04.21 16:30:15.408,1.57681,1.57735,1.47,1.35
2011.04.21 16:30:15.951,1.57683,1.57734,1.84,1.69
2011.04.21 16:30:21.450,1.57683,1.57733,1.84,1.35
2011.04.21 16:30:23.040,1.57678,1.57733,3.19,1.69
2011.04.21 16:30:24.060,1.57684,1.57733,1.09,1.35
2011.04.21 16:30:24.171,1.57685,1.57743,1.69,2.82
2011.04.21 16:30:25.191,1.57677,1.57734,3.94,1.35
2011.04.21 16:30:30.172,1.57686,1.57738,1.69,1.09
2011.04.21 16:30:30.391,1.57679,1.57733,1.09,1.35
2011.04.21 16:30:31.412,1.57676,1.57727,2.97,1.35
2011.04.21 16:30:31.632,1.57678,1.57726,1.13,1.35
2011.04.21 16:30:31.741,1.57685,1.57737,1.35,1.71
2011.04.21 16:30:31.960,1.57678,1.5773,1.13,1.69
2011.04.21 16:30:32.640,1.57677,1.5773,1.09,1.69
2011.04.21 16:30:33.250,1.57675,1.5773,1.09,1.69
2011.04.21 16:30:34.054,1.57677,1.5773,1.09,1.69
2011.04.21 16:30:38.024,1.57677,1.5773,1.09,1.69
2011.04.21 16:30:38.610,1.57677,1.57734,3.57,1.69
2011.04.21 16:30:40.511,1.57678,1.57734,1.88,1.69
2011.04.21 16:30:43.090,1.57678,1.57734,2.22,1.35
2011.04.21 16:30:43.590,1.57678,1.57734,1.84,1.35
2011.04.21 16:30:43.920,1.57684,1.57734,1.13,2.10
2011.04.21 16:30:44.727,1.57683,1.57734,1.88,2.10
2011.04.21 16:30:45.360,1.57684,1.57734,1.13,2.10
2011.04.21 16:30:45.691,1.57678,1.57726,1.50,1.69
2011.04.21 16:30:48.795,1.57677,1.57724,1.50,1.09
2011.04.21 16:30:58.358,1.57677,1.57724,1.50,1.09
2011.04.21 16:30:59.701,1.57677,1.57719,1.50,2.59
2011.04.21 16:31:00.140,1.57672,1.57724,1.47,1.09
2011.04.21 16:31:00.691,1.57675,1.57722,1.09,1.69
2011.04.21 16:31:01.901,1.57676,1.57722,1.09,1.69
2011.04.21 16:31:03.131,1.57677,1.57722,1.50,1.69
2011.04.21 16:31:03.350,1.57677,1.57722,1.88,1.35
2011.04.21 16:31:03.950,1.57678,1.57725,1.88,2.44
2011.04.21 16:31:04.807,1.57677,1.57725,1.88,2.44
2011.04.21 16:31:05.688,1.57678,1.57725,1.13,2.44
2011.04.21 16:31:07.428,1.57677,1.57725,1.88,2.44
2011.04.21 16:31:08.032,1.57678,1.57725,1.84,1.35
2011.04.21 16:31:08.141,1.57686,1.5774,1.35,1.84
2011.04.21 16:31:17.571,1.57688,1.5774,1.13,1.84
2011.04.21 16:31:18.130,1.5769,1.57739,1.09,3.19
2011.04.21 16:31:20.409,1.5769,1.57738,1.09,1.09
2011.04.21 16:31:20.951,1.5769,1.57738,1.09,1.09
2011.04.21 16:31:22.102,1.5769,1.57738,1.09,1.09
2011.04.21 16:31:22.320,1.57687,1.57738,1.47,2.44
2011.04.21 16:31:24.091,1.57682,1.57736,1.09,1.09
2011.04.21 16:31:24.540,1.57682,1.57733,1.84,1.69
2011.04.21 16:31:25.214,1.57682,1.57733,1.84,1.69
2011.04.21 16:31:26.100,1.57689,1.57733,1.13,1.69
2011.04.21 16:31:27.540,1.57688,1.57733,1.13,1.69
2011.04.21 16:31:28.422,1.57688,1.57738,1.13,2.44
2011.04.21 16:31:29.232,1.57692,1.57738,2.97,1.69
2011.04.21 16:31:32.856,1.57693,1.57743,1.09,2.44
2011.04.21 16:31:43.800,1.57695,1.5775,2.22,1.09
2011.04.21 16:31:44.450,1.57693,1.57751,2.07,2.10
2011.04.21 16:31:44.561,1.577,1.57751,1.09,2.10
2011.04.21 16:31:44.780,1.57703,1.57755,1.73,1.75
2011.04.21 16:31:47.472,1.57703,1.57752,1.73,1.50
2011.04.21 16:31:47.801,1.57699,1.57752,2.44,1.09
2011.04.21 16:31:48.585,1.57701,1.57752,1.13,2.84
2011.04.21 16:31:48.910,1.57699,1.57752,1.35,1.84
2011.04.21 16:31:51.281,1.57697,1.5775,1.13,1.09
2011.04.21 16:31:51.761,1.57705,1.57751,2.22,1.69
2011.04.21 16:31:52.326,1.57708,1.57745,1.35,1.84
2011.04.21 16:31:52.650,1.57702,1.57745,1.84,1.84
2011.04.21 16:31:53.260,1.57698,1.57748,2.25,1.69
2011.04.21 16:31:56.065,1.57699,1.57748,1.88,1.35
2011.04.21 16:31:56.391,1.57699,1.57752,1.13,2.10
2011.04.21 16:31:56.501,1.577,1.57747,1.13,1.35
2011.04.21 16:31:56.720,1.57699,1.57752,1.88,2.85
2011.04.21 16:31:59.411,1.57702,1.57748,2.59,1.84
2011.04.21 16:32:00.400,1.57701,1.57743,1.09,1.84
2011.04.21 16:32:01.181,1.57699,1.57748,1.13,1.09
2011.04.21 16:32:05.910,1.57702,1.57749,1.09,2.10
2011.04.21 16:32:06.131,1.57701,1.57752,2.44,1.09
2011.04.21 16:32:06.572,1.57701,1.57752,2.44,1.84
2011.04.21 16:32:06.792,1.57702,1.57753,1.09,2.09
2011.04.21 16:32:07.011,1.57708,1.57753,1.84,2.09
2011.04.21 16:32:09.654,1.57708,1.5775,1.84,1.09
2011.04.21 16:32:10.372,1.57708,1.57753,1.84,2.09
2011.04.21 16:32:11.180,1.57711,1.57752,1.84,1.84
2011.04.21 16:32:13.710,1.57711,1.57751,1.50,1.84
2011.04.21 16:32:15.428,1.57707,1.57751,1.09,1.84
2011.04.21 16:32:15.540,1.57703,1.57751,1.09,1.84
2011.04.21 16:32:15.761,1.57709,1.57751,2.25,1.84
2011.04.21 16:32:16.284,1.57711,1.57751,1.50,1.84
2011.04.21 16:32:17.732,1.57705,1.57751,1.09,1.84
2011.04.21 16:32:19.611,1.57708,1.57751,1.13,1.84
2011.04.21 16:32:20.839,1.57708,1.57751,1.13,1.84
2011.04.21 16:32:22.661,1.57708,1.57751,2.97,1.84
2011.04.21 16:32:23.211,1.57708,1.57757,1.47,1.84
2011.04.21 16:32:26.441,1.577,1.57752,1.69,1.84
2011.04.21 16:32:29.831,1.57708,1.57752,1.84,1.84
2011.04.21 16:32:32.892,1.57705,1.5776,1.69,1.84
2011.04.21 16:32:38.751,1.57705,1.57756,2.48,1.09
2011.04.21 16:32:39.230,1.57705,1.57755,1.35,1.09
2011.04.21 16:32:39.343,1.57697,1.57752,3.36,1.69
2011.04.21 16:32:44.230,1.57697,1.57752,3.36,1.69
2011.04.21 16:32:45.101,1.57699,1.57754,2.10,1.69
2011.04.21 16:32:45.431,1.57696,1.57746,2.76,1.84
2011.04.21 16:32:49.074,1.57696,1.5774,2.76,1.84
2011.04.21 16:32:52.461,1.57697,1.5774,1.26,1.84
2011.04.21 16:32:53.631,1.57697,1.57748,1.26,1.69
2011.04.21 16:32:53.851,1.57697,1.57748,2.76,1.69
2011.04.21 16:32:54.451,1.57697,1.57749,2.10,1.84
2011.04.21 16:33:02.012,1.57696,1.57734,1.26,1.84
2011.04.21 16:33:02.121,1.57689,1.57734,1.69,1.84
2011.04.21 16:33:02.232,1.57689,1.57736,1.35,1.84
2011.04.21 16:33:02.581,1.57693,1.57734,1.84,1.84
2011.04.21 16:33:05.472,1.57687,1.5773,1.84,1.84
2011.04.21 16:33:09.471,1.57682,1.57736,3.10,1.84
2011.04.21 16:33:19.761,1.57688,1.57735,1.35,1.71
2011.04.21 16:33:19.872,1.57682,1.57737,1.35,1.75
2011.04.21 16:33:20.634,1.5768,1.57734,1.47,2.35
2011.04.21 16:33:21.801,1.57682,1.57734,1.50,2.35
2011.04.21 16:33:22.681,1.57685,1.57739,1.35,1.34
2011.04.21 16:33:26.142,1.57685,1.57739,2.10,1.34
2011.04.21 16:33:27.911,1.57685,1.57739,2.10,1.34
2011.04.21 16:33:28.171,1.57685,1.57739,1.35,2.09
2011.04.21 16:33:28.281,1.57681,1.57733,1.50,1.98
2011.04.21 16:33:28.392,1.57681,1.57733,1.50,1.98
2011.04.21 16:33:30.360,1.57681,1.57733,1.50,2.35
2011.04.21 16:33:31.349,1.57681,1.57733,1.50,2.35
2011.04.21 16:33:31.571,1.57681,1.57733,1.88,1.98
2011.04.21 16:33:39.338,1.57682,1.57736,1.13,1.50
2011.04.21 16:33:39.561,1.57682,1.57737,1.88,2.10
2011.04.21 16:33:40.504,1.57681,1.57737,1.88,2.10
2011.04.21 16:33:41.103,1.57682,1.57737,1.13,2.10
2011.04.21 16:33:44.121,1.5768,1.57728,1.09,1.35
2011.04.21 16:33:44.230,1.57682,1.57737,1.50,2.10
2011.04.21 16:33:44.451,1.57682,1.57737,1.50,2.10
2011.04.21 16:33:46.342,1.57688,1.57739,1.35,1.09
2011.04.21 16:33:46.677,1.57688,1.57742,1.35,2.84
2011.04.21 16:33:46.786,1.57682,1.57739,2.48,1.09
2011.04.21 16:33:47.671,1.57682,1.57739,2.85,1.09
2011.04.21 16:33:48.031,1.57684,1.57739,1.13,1.09
2011.04.21 16:33:50.091,1.57686,1.57739,1.13,1.09
2011.04.21 16:33:50.671,1.57688,1.57739,1.13,1.09
2011.04.21 16:33:50.782,1.57688,1.5774,1.13,1.69
2011.04.21 16:33:51.809,1.57688,1.57742,1.13,2.84
2011.04.21 16:33:52.390,1.5769,1.57741,2.10,1.47
2011.04.21 16:33:52.610,1.5769,1.57741,2.44,1.13
2011.04.21 16:33:54.280,1.5769,1.57742,2.07,1.75
2011.04.21 16:33:56.029,1.5769,1.57742,2.07,1.75
2011.04.21 16:33:57.001,1.57692,1.57742,1.35,2.13
2011.04.21 16:33:57.764,1.5769,1.57742,2.44,2.13
2011.04.21 16:33:58.971,1.57687,1.57738,1.09,1.35
2011.04.21 16:34:00.071,1.57687,1.5774,1.09,1.35
2011.04.21 16:34:00.401,1.57687,1.57737,1.09,1.35
2011.04.21 16:34:03.213,1.57687,1.57737,1.09,1.69
2011.04.21 16:34:06.451,1.5769,1.57742,1.73,2.13
2011.04.21 16:34:07.091,1.57698,1.57741,1.35,2.13
2011.04.21 16:34:07.311,1.57689,1.57742,2.10,2.13
2011.04.21 16:34:07.830,1.57689,1.57741,2.48,1.13
2011.04.21 16:34:09.401,1.57689,1.57742,2.10,2.13
2011.04.21 16:34:10.290,1.57689,1.57742,2.10,2.13
2011.04.21 16:34:11.351,1.57689,1.57741,1.35,1.38
2011.04.21 16:34:14.441,1.57689,1.57741,2.48,1.38
2011.04.21 16:34:15.130,1.57689,1.57741,2.48,1.13
2011.04.21 16:34:16.840,1.57689,1.57741,2.48,1.38
2011.04.21 16:34:19.142,1.57689,1.57743,2.48,1.34
2011.04.21 16:34:19.931,1.5769,1.57745,2.10,1.69
2011.04.21 16:34:20.151,1.57698,1.57753,1.09,1.98
2011.04.21 16:34:20.972,1.57701,1.57754,1.09,1.50
2011.04.21 16:34:21.521,1.57701,1.57755,1.09,2.35
2011.04.21 16:34:22.079,1.57701,1.57754,1.09,1.38
2011.04.21 16:34:23.730,1.57698,1.57745,1.13,1.35
2011.04.21 16:34:23.951,1.57691,1.57745,1.13,1.35
2011.04.21 16:34:24.061,1.5769,1.57745,2.44,1.35
2011.04.21 16:34:24.171,1.57691,1.57745,1.13,1.35
2011.04.21 16:34:24.730,1.57698,1.57745,1.13,1.35
2011.04.21 16:34:26.191,1.57698,1.57745,1.13,1.35
2011.04.21 16:34:26.736,1.57699,1.57746,1.13,1.35
2011.04.21 16:34:27.391,1.57698,1.57751,1.13,1.94
2011.04.21 16:34:30.312,1.57698,1.57747,1.13,1.35
2011.04.21 16:34:30.753,1.57699,1.57752,1.09,1.35
2011.04.21 16:34:30.862,1.57699,1.57755,2.44,1.35
2011.04.21 16:34:32.571,1.57701,1.57755,1.13,1.35
2011.04.21 16:34:36.431,1.57701,1.57755,1.50,1.69
2011.04.21 16:34:40.993,1.57699,1.57755,2.10,1.69
2011.04.21 16:34:41.212,1.57704,1.57757,1.35,1.09
2011.04.21 16:34:41.322,1.57699,1.57757,2.10,2.44
2011.04.21 16:34:42.357,1.57698,1.57756,2.85,2.44
2011.04.21 16:34:43.426,1.57698,1.57756,3.23,2.44
2011.04.21 16:34:43.994,1.57698,1.57751,1.35,1.09
2011.04.21 16:34:44.101,1.5769,1.57748,2.10,1.69
2011.04.21 16:34:44.541,1.57695,1.57748,1.50,1.69
2011.04.21 16:34:44.871,1.57693,1.57743,1.09,1.84
2011.04.21 16:34:45.200,1.57693,1.57743,1.09,1.84
2011.04.21 16:34:45.971,1.57691,1.57745,1.88,3.19
2011.04.21 16:34:46.081,1.57691,1.57744,1.13,1.69
2011.04.21 16:34:46.191,1.57691,1.57744,1.09,1.35
2011.04.21 16:34:46.301,1.57691,1.57738,1.09,1.35
2011.04.21 16:34:47.661,1.57694,1.57746,1.09,2.10
2011.04.21 16:34:48.851,1.57697,1.57747,1.09,1.34
2011.04.21 16:34:49.893,1.57699,1.57747,1.09,1.34
2011.04.21 16:34:50.053,1.57697,1.57747,1.09,1.34
2011.04.21 16:34:51.501,1.57697,1.57747,1.09,1.34
2011.04.21 16:34:52.262,1.57695,1.57747,2.44,1.34
2011.04.21 16:34:52.920,1.57701,1.57747,1.35,1.34
2011.04.21 16:34:53.580,1.57704,1.57755,1.13,1.47
2011.04.21 16:34:53.801,1.5771,1.57756,1.09,1.69
2011.04.21 16:34:54.590,1.57709,1.57765,3.34,1.69
2011.04.21 16:34:55.207,1.5771,1.57765,1.60,2.44
2011.04.21 16:34:59.140,1.57709,1.57764,1.84,1.50
2011.04.21 16:35:00.377,1.57709,1.57765,1.84,2.44
2011.04.21 16:35:01.054,1.57709,1.57765,1.09,2.69
2011.04.21 16:35:01.579,1.57709,1.57764,2.22,1.50
2011.04.21 16:35:01.691,1.57709,1.57765,2.22,2.44
2011.04.21 16:35:04.131,1.5771,1.57764,1.84,1.13
2011.04.21 16:35:04.461,1.57709,1.57765,2.59,2.44
2011.04.21 16:35:06.876,1.5771,1.57765,1.47,2.44
2011.04.21 16:35:06.981,1.5771,1.57761,1.13,1.84
2011.04.21 16:35:07.312,1.57709,1.57751,1.84,1.35
2011.04.21 16:35:07.421,1.5771,1.57765,1.09,3.06
2011.04.21 16:35:10.512,1.5771,1.57761,1.09,1.35
2011.04.21 16:35:10.733,1.5772,1.57772,1.35,1.75
2011.04.21 16:35:11.281,1.5772,1.57771,1.35,2.13
2011.04.21 16:35:12.311,1.5772,1.57772,1.35,2.13
2011.04.21 16:35:12.855,1.5772,1.57771,2.10,2.13
2011.04.21 16:35:13.435,1.57714,1.57761,1.13,2.50
2011.04.21 16:35:13.981,1.57707,1.57761,2.85,2.50
2011.04.21 16:35:14.091,1.57708,1.57761,1.13,1.75
2011.04.21 16:35:15.133,1.57707,1.57761,2.48,2.50
2011.04.21 16:35:15.243,1.57707,1.57761,1.73,2.13
2011.04.21 16:35:15.532,1.57707,1.57761,2.10,1.75
2011.04.21 16:35:16.080,1.57713,1.57761,1.13,1.38
2011.04.21 16:35:16.650,1.57713,1.57761,1.13,1.38
2011.04.21 16:35:16.872,1.57714,1.57767,1.13,1.38
2011.04.21 16:35:17.300,1.57713,1.57768,1.13,3.44
2011.04.21 16:35:17.631,1.57714,1.57768,1.13,3.44
2011.04.21 16:35:18.177,1.57713,1.57768,1.13,3.44
2011.04.21 16:35:19.337,1.57714,1.57768,1.13,3.44
2011.04.21 16:35:19.662,1.57701,1.57748,1.35,2.84
2011.04.21 16:35:19.773,1.57702,1.57748,1.35,1.34
2011.04.21 16:35:20.102,1.57684,1.57734,1.09,2.35
2011.04.21 16:35:20.705,1.5768,1.57733,1.50,1.75
2011.04.21 16:35:21.398,1.5768,1.57733,1.50,1.75
2011.04.21 16:35:21.860,1.57681,1.57733,1.13,1.75
2011.04.21 16:35:22.081,1.57681,1.57733,1.13,1.75
2011.04.21 16:35:22.302,1.57683,1.57733,1.13,1.75
2011.04.21 16:35:22.971,1.57681,1.57733,1.50,1.75
2011.04.21 16:35:23.401,1.57677,1.57733,3.60,1.75
2011.04.21 16:35:23.953,1.57679,1.57734,1.09,2.10
2011.04.21 16:35:24.062,1.57683,1.57745,1.47,1.09
2011.04.21 16:35:27.171,1.57686,1.57747,1.09,1.09
2011.04.21 16:35:29.880,1.57683,1.57743,1.47,1.71
2011.04.21 16:35:30.211,1.57683,1.57741,1.09,1.71
2011.04.21 16:35:30.322,1.57682,1.57741,1.09,1.34
2011.04.21 16:35:30.432,1.57681,1.57742,1.47,1.34
2011.04.21 16:35:30.761,1.57689,1.57741,1.13,1.34
2011.04.21 16:35:31.651,1.57689,1.57742,1.13,2.69
2011.04.21 16:35:32.351,1.57688,1.57742,1.13,1.34
2011.04.21 16:35:32.920,1.57689,1.57742,1.13,1.34
2011.04.21 16:35:33.361,1.57684,1.57742,1.47,1.34
2011.04.21 16:35:33.964,1.57688,1.57742,1.13,1.34
2011.04.21 16:35:35.301,1.57686,1.57741,1.09,1.34
2011.04.21 16:35:35.631,1.57689,1.57741,1.13,1.34
2011.04.21 16:35:39.610,1.57685,1.57741,1.13,1.34
2011.04.21 16:35:39.721,1.57686,1.57742,1.13,1.34
2011.04.21 16:35:40.670,1.57689,1.57741,1.13,1.34
2011.04.21 16:35:41.237,1.57688,1.57742,1.13,1.34
2011.04.21 16:35:41.968,1.57688,1.57742,1.13,1.34
2011.04.21 16:35:42.692,1.57688,1.57728,1.13,1.84
2011.04.21 16:35:44.061,1.57688,1.57728,1.13,1.84
2011.04.21 16:35:46.463,1.57689,1.57728,1.13,1.84
2011.04.21 16:35:47.727,1.57689,1.57728,1.13,1.84
2011.04.21 16:35:48.251,1.57689,1.57718,1.13,1.69
2011.04.21 16:35:48.471,1.5768,1.57728,1.35,2.46
2011.04.21 16:35:50.510,1.5768,1.57728,2.85,2.46
2011.04.21 16:35:50.951,1.5768,1.57734,2.10,2.09
2011.04.21 16:35:51.171,1.57682,1.57735,1.88,1.69
2011.04.21 16:35:51.282,1.57686,1.57735,1.88,1.69
2011.04.21 16:35:52.521,1.57688,1.57741,2.85,1.34
2011.04.21 16:35:54.654,1.57691,1.57742,1.50,1.34
2011.04.21 16:35:55.280,1.57691,1.57741,1.50,1.34
2011.04.21 16:35:56.560,1.57691,1.57742,1.50,1.34
2011.04.21 16:35:57.081,1.57691,1.57742,1.50,1.34
2011.04.21 16:35:57.523,1.57688,1.57741,1.35,1.34
2011.04.21 16:35:57.631,1.57683,1.57741,1.50,1.34
2011.04.21 16:35:58.390,1.57682,1.57741,1.50,1.34
2011.04.21 16:36:00.581,1.57681,1.57741,1.88,1.34
2011.04.21 16:36:02.371,1.57681,1.57741,1.50,2.69
2011.04.21 16:36:11.382,1.57678,1.57738,2.76,1.34
2011.04.21 16:36:18.292,1.57681,1.57738,1.50,1.09
2011.04.21 16:36:21.634,1.57682,1.57738,1.50,1.09
2011.04.21 16:36:22.071,1.57687,1.57741,1.50,1.69
2011.04.21 16:36:22.644,1.5769,1.57741,1.13,1.69
2011.04.21 16:36:26.651,1.57687,1.57741,1.13,1.69
2011.04.21 16:36:28.122,1.57688,1.57741,1.13,2.31
2011.04.21 16:36:28.341,1.57687,1.57741,1.13,1.94
2011.04.21 16:36:29.161,1.57688,1.57741,1.13,3.06
2011.04.21 16:36:30.472,1.57689,1.57741,1.13,3.06
2011.04.21 16:36:30.691,1.57692,1.57742,3.23,1.34
2011.04.21 16:36:31.441,1.57692,1.57746,3.23,1.34
2011.04.21 16:36:31.661,1.57692,1.57747,3.23,1.34
2011.04.21 16:36:33.478,1.57692,1.57742,3.98,1.34
2011.04.21 16:36:37.371,1.57694,1.57747,1.13,1.34
2011.04.21 16:36:45.301,1.57696,1.5775,1.13,2.69
2011.04.21 16:36:45.412,1.57698,1.5775,1.13,2.44
2011.04.21 16:36:45.741,1.57706,1.57746,2.10,1.84
2011.04.21 16:36:45.851,1.57706,1.57751,2.44,1.84
2011.04.21 16:36:46.400,1.57706,1.57751,2.22,1.84
2011.04.21 16:36:47.057,1.57707,1.57751,1.50,1.84
2011.04.21 16:36:51.801,1.57707,1.57756,1.09,1.71
2011.04.21 16:37:00.592,1.57704,1.57755,1.13,2.31
2011.04.21 16:37:00.812,1.57704,1.57751,1.13,1.09
2011.04.21 16:37:01.351,1.57703,1.57757,1.13,3.81
2011.04.21 16:37:04.172,1.57706,1.57756,1.50,1.71
2011.04.21 16:37:05.316,1.57706,1.57757,1.50,3.81
2011.04.21 16:37:09.500,1.57706,1.57756,1.50,1.34
2011.04.21 16:37:10.158,1.57706,1.57757,1.50,3.44
2011.04.21 16:37:12.537,1.57706,1.57756,1.50,1.34
2011.04.21 16:37:13.060,1.57706,1.57756,1.50,1.34
2011.04.21 16:37:13.661,1.57706,1.57757,1.50,3.19
2011.04.21 16:37:13.991,1.57706,1.57763,1.50,2.44
2011.04.21 16:37:14.541,1.57713,1.57766,1.35,2.09
2011.04.21 16:37:16.475,1.57714,1.57766,1.13,2.13
2011.04.21 16:37:16.802,1.57713,1.57768,2.48,2.10
2011.04.21 16:37:17.023,1.57716,1.57768,1.50,1.35
2011.04.21 16:37:17.242,1.57715,1.57775,1.73,1.71
2011.04.21 16:37:17.462,1.57721,1.57774,1.35,1.09
2011.04.21 16:37:21.651,1.57721,1.57774,1.73,1.84
2011.04.21 16:37:21.982,1.57721,1.57765,1.35,1.38
2011.04.21 16:37:22.091,1.57713,1.57764,1.47,1.35
2011.04.21 16:37:25.951,1.57714,1.57764,1.13,2.10
2011.04.21 16:37:27.266,1.57717,1.57764,1.09,2.10
2011.04.21 16:37:29.171,1.57714,1.57764,1.09,1.35
2011.04.21 16:37:38.413,1.57714,1.57767,1.69,1.71
2011.04.21 16:37:43.571,1.57714,1.57765,1.35,1.38
2011.04.21 16:37:53.441,1.57714,1.57768,1.35,2.09
2011.04.21 16:37:54.217,1.57714,1.57768,1.35,2.09
2011.04.21 16:37:54.431,1.57714,1.57768,2.10,1.47
2011.04.21 16:37:54.542,1.57723,1.57774,1.13,2.10
2011.04.21 16:37:54.762,1.57724,1.57774,1.13,1.35
2011.04.21 16:37:55.202,1.57728,1.57774,1.13,1.35
2011.04.21 16:37:56.071,1.57723,1.57774,1.50,1.35
2011.04.21 16:37:56.291,1.57719,1.57774,1.13,1.35
2011.04.21 16:37:57.221,1.57724,1.57774,1.13,1.35
2011.04.21 16:37:57.331,1.57724,1.57764,1.13,1.35
2011.04.21 16:37:57.442,1.5771,1.57764,1.09,1.69
2011.04.21 16:38:02.411,1.57707,1.57757,2.44,3.25
2011.04.21 16:38:02.741,1.57678,1.57731,1.09,1.69
2011.04.21 16:38:05.512,1.5768,1.57731,1.09,1.69
2011.04.21 16:38:06.563,1.57681,1.57732,1.73,1.09
2011.04.21 16:38:06.675,1.57681,1.57736,1.73,1.84
2011.04.21 16:38:07.002,1.57683,1.57737,1.13,1.84
2011.04.21 16:38:07.112,1.57683,1.57731,1.13,1.35
2011.04.21 16:38:08.763,1.57674,1.57726,2.22,2.46
2011.04.21 16:38:08.872,1.57669,1.57716,1.09,1.35
2011.04.21 16:38:09.431,1.57669,1.57716,1.09,2.10
2011.04.21 16:38:13.493,1.57668,1.57716,1.09,2.10
2011.04.21 16:38:13.711,1.57669,1.57716,1.47,2.10
2011.04.21 16:38:18.007,1.57669,1.57716,1.47,2.85
2011.04.21 16:38:18.997,1.57669,1.57716,1.47,2.85
2011.04.21 16:38:19.668,1.57659,1.57716,2.22,3.10
2011.04.21 16:38:20.000,1.57659,1.57714,1.84,2.13
2011.04.21 16:38:22.834,1.57659,1.57712,1.84,1.38
2011.04.21 16:38:23.491,1.57656,1.57713,3.19,2.09
2011.04.21 16:38:25.351,1.57656,1.57713,3.19,1.09
2011.04.21 16:38:30.841,1.57663,1.57714,1.09,1.09
2011.04.21 16:38:31.591,1.57663,1.57714,1.09,1.09
2011.04.21 16:38:32.152,1.5767,1.57716,1.09,1.35
2011.04.21 16:38:32.371,1.5767,1.57716,1.09,2.10
2011.04.21 16:38:33.862,1.5767,1.5772,1.09,1.09
2011.04.21 16:38:33.971,1.5767,1.57718,1.09,1.50
2011.04.21 16:38:41.002,1.57662,1.57716,1.84,1.35
2011.04.21 16:38:41.221,1.57659,1.57718,1.09,1.84
2011.04.21 16:38:41.331,1.57658,1.57716,2.82,1.09
2011.04.21 16:38:44.294,1.57662,1.57719,1.69,1.69
2011.04.21 16:38:44.402,1.57662,1.57719,2.44,1.69
2011.04.21 16:38:44.731,1.57667,1.57724,1.35,3.19
2011.04.21 16:38:49.294,1.57665,1.5772,2.10,1.69
2011.04.21 16:38:49.515,1.57664,1.57716,1.35,1.09
2011.04.21 16:38:49.733,1.57661,1.57716,1.09,2.44
2011.04.21 16:38:54.661,1.57662,1.57716,1.09,2.44
2011.04.21 16:38:54.881,1.57674,1.57726,1.69,1.09
2011.04.21 16:38:55.102,1.57666,1.57716,1.84,1.35
2011.04.21 16:38:55.212,1.57662,1.57715,1.09,1.09
2011.04.21 16:39:01.906,1.57659,1.57716,1.09,1.69
2011.04.21 16:39:04.418,1.57658,1.57715,1.47,1.09
2011.04.21 16:39:05.022,1.57658,1.57716,2.22,2.44
